2694 3930
527 423 561 474 H
563 422 676 472 YPERI
674 422 731 474 ΟΝ.

131 609 172 667 Ut
188 627 298 667 narsem
319 625 383 683 que
403 625 452 666 aas
471 607 578 682 agitent
594 606 721 666 amdam
731 605 814 681 sata,

130 688 352 805 Qualiaeunque
360 729 461 805 sareas
481 730 580 788 mereri
596 729 701 788 salama
721 727 823 786 ludus.

125 851 239 910 Sumite
256 851 337 927 quad
352 869 450 910 aeram
469 855 517 924 est,
536 850 578 909 sit
594 855 622 909 et
638 849 699 908 hac
716 847 853 908 nude'cima
872 847 969 908 dalmi.

187 1205 447 1281 Continuo‚-sed
468 1210 507 1266 'an
527 1205 587 1266 hoc
607 1204 723 1266 animus
743 1211 933 1281 contemptor
951 1213 982 1264 et
1002 1201 1053 1277 ira,

125 1331 175 1388 An
195 1328 339 1406 perplexa
357 1327 440 1403 fides,
462 1346 530 1406 quae
549 1347 635 1389 mens
656 1327 799 1389 altissima
817 1327 965 1388 dicat?-

126 1455 274 1516 Cessante
295 1453 420 1515 Oceano
439 1471 546 1514 vocem
566 1463 688 1514 tenuere
707 1471 874 1530 parumper.

127 1576 200 1636 Una
219 1585 331 1651 tamen,
351 1574 424 1635 nulli
445 1581 535 1652 qua'm
554 1593 710 1654 respexere
730 1593 859 1652 suorum,

125 1698 210 1758 Ausa
230 1696 313 1774 loqui
335 1698 478 1775 Clymene
484 1720 494 1774 3
506 1715 575 1786 ¹nec
596 1698 668 1766 dum
689 1706 863 1776 argumenta
882 1697 997 1770 referre,

125 1821 187 1882 Sed
207 1819 291 1882 tenui
311 1821 435 1884 stridore
456 1820 557 1898 queri:
585 1839 653 1898 quae
673 1819 785 1882 torrida
804 1820 886 1881 febre

125 1943 227 2004 Labra
245 1961 380 2018 movens,
399 1942 565 2021 timidoque
585 1945 724 2006 attollens
744 1942 857 2004 lumina
876 1944 967 2018 vultu,

124 2068 224 2126 Lenta
242 2066 321 2127 feros
340 2065 418 2127 inter
436 2066 555 2128 stillavit
574 2068 666 2128 verba
685 2076 825 2129 tacentes.
901 2101 902 2106 κ
1072 2077 1128 2140 240

185 2190 298 2266 Magne
307 2197 402 2267 pater,
421 2190 588 2250 mattarum
608 2197 710 2267 egomet
726 2190 888 2258 ππππείππ
908 2207 1024 2260 vatum,-

124 2312 188 2372 Nec
207 2312 277 2372 maai
294 2313 355 2371 nisi
371 2313 450 2388 quad
457 2313 610 2388 petierunt
626 2311 724 2379 amnia
742 2312 817 2385 lata,

124 2437 174 2494 Et
190 2454 266 2495 meaa
286 2454 330 2494 res
348 2435 453 2494 nastris
472 2433 590 2510 irrqtsit
607 2433 744 2493 mentibus
763 2451 861 2509 angar,

130 2559 196 2635 Qui
214 2579 310 2619 verear
328 2579 409 2638 regma
428 2580 464 2620 ne
480 2568 590 2637 semper
608 2568 691 2621 restet
708 2561 740 2620 in
760 2561 818 2620 illa.

124 2685 173 2744 At
189 2702 246 2744 nan
267 2685 408 2761 amfaustos
427 2688 584 2762 accingerer
601 2687 680 2747 edere
696 2692 820 2762 questrat,

130 2808 158 2868 0
179 2808 293 2884 Sapere}
314 2827 433 2886 magnas
451 2810 480 2869 si
498 2810 582 2870 verba
602 2810 721 2887 infirma
732 2817 870 2886 putarem

73 2907 74 2914 ἵ
126 2933 234 2992 Sirtere
243 2940 330 3008 passe
346 2951 470 2994 manus:
495 2938 609 2992 tantum
628 2932 714 2991 sinite
731 2951 804 2991 aure
821 2930 899 3008 qaod
914 2931 1004 2991 hauri

127 3057 238 3132 Dicere,
257 3075 374 3133 quaque
392 3057 467 3116 milei
484 3057 628 3132 lacrymas
646 3055 749 3114 audita
768 3055 922 3130 movebant,

134 3181 180 3242 Ut
196 3188 257 3257 spes
276 3181 444 3241 damnarem
463 3188 584 3256 nostras,
604 3181 786 3256 caeruleaque
803 3196 893 3240 cassa

127 3305 248 3367 Sturam
258 3303 340 3383 farte
351 3305 461 3382 procul
468 3305 597 3382 jucundi
615 3305 647 3366 im
666 3304 760 3366 taon's
778 3321 840 3378 ata,
1072 3324 1086 3362 2
1091 3321 1128 3380 50
