2694 3930
511 380 545 429 H
546 379 715 430 YPERION.

106 566 208 640 Atque
229 565 273 622 ita
293 561 424 623 terrificis
444 571 643 623 monstrorum
664 561 744 622 mille
763 562 861 640 figuris

108 685 277 746 Obducunt
297 684 389 762 digno
409 693 484 745 tetra
504 684 569 744 haec
590 683 738 744 cunabula
757 684 849 744 tedlo.

108 809 168 866 Pro
189 805 273 867 soliis
293 805 392 866 miseri
413 805 526 866 silicem
546 805 691 880 insedere,
712 815 853 882 torosque

109 929 277 989 Muricibus
298 928 436 1002 strumus,
456 930 593 1005 ferroque
614 927 775 988 adamanta
795 927 924 1006 ligatum.

109 1056 183 1114 Non
205 1072 310 1114 omnes
331 1052 468 1113 aderant:
495 1051 570 1112 alios
591 1053 652 1112 sera
671 1053 769 1112 vincla
790 1054 941 1125 tenebant,

109 1178 264 1254 Diffugere
284 1173 348 1235 alii:
372 1173 426 1234 sed
447 1172 560 1233 anhelis
580 1175 714 1234 faucibus
734 1174 793 1234 illic

109 1304 189 1362 Cum
212 1302 285 1362 Caeo
305 1302 438 1373 Antaeus
461 1297 663 1376 Briareusque,
685 1300 841 1376 audaxque
862 1299 1029 1377 Typho'e'us,

109 1419 365 1498 Porphyriouque,
386 1421 536 1496 Gyasque‚
558 1431 588 1480 et
609 1440 734 1498 quorum
756 1422 898 1484 acerrima
918 1423 1017 1496 virtus,
1076 1445 1112 1482 20

109 1544 283 1606 Volvebaut
304 1542 430 1603 densum
451 1542 629 1619 compressis
650 1549 717 1604 adra
737 1544 834 1604 labris.

111 1666 178 1726 Illic
198 1676 229 1727 et
251 1684 351 1725 crassa
369 1684 466 1726 rerum
486 1683 633 1742 compage
653 1667 755 1726 coadli

110 1791 280 1850 Obfirmant
301 1788 416 1864 dentes,
437 1798 469 1849 et
488 1788 591 1849 mollia
610 1791 745 1849 membra
764 1790 920 1867 ngeseunt,

111 1911 292 1975 Constriclae
312 1923 345 1972 ut
366 1913 440 1973 duro
461 1911 609 1990 riguerunt
630 1932 776 1975 marmore
796 1933 920 1975 massae:

109 2040 177 2098 Nec
197 2047 297 2097 motus
317 2035 374 2096 nisi
395 2036 493 2097 cordis
514 2047 584 2112 erat,
607 2038 690 2114 quod
710 2057 827 2116 semper
846 2039 963 2117 iniquus

110 2160 316 2234 Contorquere
337 2158 429 2231 labor,
451 2156 640 2234 tumidusque
661 2157 813 2236 impellere
834 2160 959 2238 sanguis.
987 2175 989 2179 ·

111 2285 310 2359 Mnemosyne
331 2281 414 2342 tenis
435 2284 559 2356 errabat,
582 2292 612 2342 et
633 2301 722 2343 aurea
741 2283 829 2360 longe

110 2404 287 2465 Palabunda
307 2422 361 2465 suo
382 2404 498 2465 Phoebe
520 2405 695 2466 discesserat
716 2409 805 2481 orbe3

110 2529 211 2602 Atque
232 2524 296 2586 aliis
315 2536 496 2603 praesumpta
515 2528 592 2604 fugae
612 2527 661 2587 via
666 2549 675 2602 5
696 2526 759 2587 dira
780 2528 833 2587 sed
854 2529 947 2587 ambit

112 2651 184 2709 Hoc
204 2648 362 2725 plerosque
382 2667 457 2709 cavo
478 2649 616 2709 feralibus
636 2651 742 2710 umbra
760 2649 888 2710 latebris.
1074 2670 1111 2724 30

111 2771 171 2830 Vix
190 2771 265 2831 vivae
286 2773 395 2849 effigies
416 2774 472 2832 rari
492 2773 627 2851 vastique
645 2776 787 2851 jacebant

112 2896 150 2954 In
171 2895 249 2954 latus
255 2915 264 2968 3
283 2903 316 2954 ut
336 2894 410 2955 tristi
429 2898 500 2974 juga
520 2916 573 2974 per
594 2898 712 2959 deserta
731 2917 844 2959 corona

111 3017 188 3076 Saxa
206 3017 307 3093 jacent
328 3017 484 3094 Druidum,
506 3039 575 3088 cum
596 3020 733 3082 conditur
753 3021 847 3081 imbre
868 3019 1058 3094 Novembris¹
