2694 3930
495 431 699 493 HYPERIOM

96 621 250 680 Murmura
269 617 438 697 producens
458 616 535 697 qu'ae,
555 638 664 681 vocum
685 627 717 681 ut
737 615 856 682 sedulus
876 618 981 696 infans,

96 744 194 805 Finxit
215 744 256 806 ad
276 743 395 805 auditos
416 746 542 822 spumati
563 743 655 805 litoris
676 744 762 805 iiius.
842 753 846 762 '

163 868 217 928 Vos
242 866 290 927 Ol
304 885 375 942 qnos
393 867 476 942 angit
493 866 593 940 rabies,
613 873 641 926 et
658 868 774 926 vnlnere
793 866 857 928 diro

99 992 270 1066 contorquet
287 990 385 1064 clades,
404 997 433 1049 et
441 995 532 1066 pasta
551 990 694 1048 doloribus
713 990 770 1064 ira,
1041 1008 1098 1065 170

99 1115 235 1175 Claudite
245 1115 315 1190 jam
334 1132 440 1187 sensns,
459 1131 598 1188 auresque
614 1113 756 1172 obtundite
776 1118 893 1187 uestras,

96 1237 230 1313 Spiritus
248 1237 297 1297 nic
314 1237 382 1296 istos
400 1255 456 1296 nen
466 1236 591 1313 follibus
610 1235 706 1313 efferet
724 1236 805 1312 ignes.

96 1360 250 1419 Exaudite
266 1365 370 1434 tamen,
389 1361 418 1418 si
435 1360 501 1436 quis
520 1361 586 1418 uult
602 1377 710 1418 noscere
726 1360 809 1434 legen

98 1483 249 1560 Supplicii,
270 1489 305 1542 ut
321 1483 448 1559 queunte
457 1481 543 1558 flei‘ii
559 1489 587 1541 et
596 1489 704 1559 parere
722 1500 823 1541 necesse
840 1487 898 1552 est,-

98 1606 150 1665 Sic
166 1624 223 1666 nnn
244 1625 322 1665 nana
340 1606 413 1665 dabo
432 1606 507 1664 veris
525 1606 628 1666 solatn'u
647 1605 739 1679 dmin,

99 1724 138 1784 Si
147 1725 252 1800 placet,
271 1731 299 1783 et
314 1725 506 1784 cementaria
525 1730 591 1783 teste
599 1723 709 1800 seretis.

99 1847 229 1907 Naturoe
248 1847 365 1924 imperio
384 1847 507 1921 ruimus,
526 1866 582 1907 mm
592 1847 736 1923 fulminis
755 1847 812 1922 ira,

99 1969 171 2030 Non
183 1969 280 2048 sonis.
321 1967 374 2043 At,
394 1968 529 2042 Saturne,
548 1969 603 2028 tibi
619 1977 690 2028 sunt
706 1970 813 2046 cognita
833 1989 929 2030 rerum

100 2093 227 2167 Fetere,
246 2099 316 2152 sunt
332 2093 480 2154 elmnentu:
504 2093 565 2153 huc
580 2101 608 2153 te
625 2095 676 2153 nia
694 2095 755 2153 sole
764 2093 881 2171 sesellit,

106 2217 180 2292 Quae
199 2235 244 2276 me
253 2218 418 2293 perspe’cteos
437 2217 501 2276 veri
518 2216 639 2277 deduxit
656 2218 700 2276 ad
715 2226 813 2290 ertus,·
1045 2220 1101 2277 180

102 2339 214 2416 Nempe
230 2340 310 2415 quod
323 2341 383 2417 inse
400 2340 487 2416 regis:
504 2346 590 2399 caecat
596 2339 724 2416 fortuna
743 2348 868 2416 regentes,

101 2461 302 2537 Mujestasque
318 2479 373 2520 sun
385 2461 608 2538 praestringitur
624 2477 715 2520 aurea
733 2462 799 2520 luce.

106 2583 255 2655 Corinnae,
274 2582 409 2658 queniam
428 2600 484 2641 mm
503 2587 545 2640 est
561 2587 615 2641 tun
626 2582 730 2659 primu
742 2587 876 2657 potestas,

104 2709 157 2769 Sic
174 2726 262 2783 neque
271 2715 330 2785 per
347 2712 442 2766 terras
461 2706 517 2766 m't
535 2707 653 2778 ultinm;
673 2725 728 2766 non
748 2705 790 2764 ita
800 2704 859 2781 sas
877 2711 934 2763 est:

106 2833 157 2893 Tu
176 2850 265 2907 neque
275 2830 456 2907 primitium
476 2829 586 2904 mundi,
605 2848 692 2905 neque
709 2847 833 2902 summu,
851 2828 970 2888 creandi.
1062 2867 1067 2878 .

103 2957 150 3018 Ae
173 2956 269 3016 Chaos
286 2962 314 3014 et
323 2954 428 3031 prisca
446 2953 550 3014 Lucem
566 2971 686 3030 genuere
706 2954 843 3028 Tenebrce,

103 3079 263 3142 primitias
282 3079 428 3153 rixarum,
448 3078 626 3154 intestinique
642 3077 757 3150 laboris,

109 3207 174 3284 Qui
191 3223 282 3266 secum
301 3203 403 3265 oenlto
422 3201 622 3264 maturesceiat
638 3201 671 3262 in
690 3219 756 3273 uve,
