2694 3930
485 397 516 444 H
518 397 686 455 YPERION.

77 577 213 653 Quaque
232 578 333 654 jacent
353 576 439 637 variis
460 577 524 637 sola
543 578 632 655 longa
651 577 775 637 nitentia
795 575 906 637 crustis.

78 698 129 760 Sic
150 700 268 761 medias
288 699 361 760 adiit
381 700 468 760 celsae
488 699 644 760 testudinis
664 699 763 760 aedes:

79 821 221 882 Substitit
241 822 298 895 hic,
319 821 489 898 pepulitque
510 821 627 898 pedem,
650 838 710 897 qua
729 819 858 880 funditus
879 821 975 885 omnis

79 947 121 1003 Vi
142 945 241 1005 vibrat
262 946 467 1022 Labyrinthus,
487 955 517 1004 et
538 963 625 1003 aurea
644 962 735 1020 regna
753 944 901 1003 resultant.

80 1071 151 1129 Nec
172 1068 253 1145 prius
273 1067 327 1128 iste
349 1087 439 1128 sonor
457 1067 552 1144 periit,
573 1086 661 1144 quam
682 1068 764 1126 frena
783 1066 942 1144 prementis
1025 1088 1081 1127 200

82 1190 219 1266 Depulit,
239 1191 412 1268 exsiluitque
434 1191 492 1250 Dei
516 1209 575 1250 vox
595 1190 661 1249 talis
682 1190 720 1248 ab
742 1208 799 1249 ore.

151 1431 223 1505 Qua
243 1431 317 1487 mihi
333 1448 409 1488 sunu
428 1430 482 1502 die,
500 1447 563 1504 qua
581 1429 691 1488 samniu
710 1429 816 1504 cognitu
835 1429 917 1504 nulia,

89 1553 187 1628 Quam
208 1553 279 1610 dira
289 1551 388 1627 sacius,
399 1551 521 1626 setaque
539 1551 680 1609 doloribus
700 1551 829 1611 umbra!

84 1676 132 1733 Et
150 1675 325 1734 collucianics
339 1675 433 1750 gelida
453 1675 484 1732 in
504 1674 620 1748 caligine
638 1674 737 1746 larua,

84 1796 218 1854 Auribus
236 1801 264 1854 ct
282 1795 385 1853 macris
405 1795 478 1853 ulau
497 1795 652 1852 simulacra
664 1795 834 1872 palustris!

85 1920 180 1980 Heu!
202 1919 340 1994 quianam
361 1919 430 1991 uidi,
450 1918 588 1992 quianam
608 1917 666 1976 huc
676 1919 822 1993 praesagia
842 1921 929 1981 naui?

87 2043 204 2118 Ecquid
219 2062 272 2118 ega,
293 2043 424 2100 immensa
444 2042 509 2100 uita
528 2041 610 2115 vagor
627 2040 722 2114 ignem
741 2040 816 2115 aliu,

87 2166 193 2223 Rimar
211 2166 367 2223 inassuetas
385 2165 489 2239 specus,
509 2164 661 2238 adagarque
679 2165 774 2222 tueri?

90 2288 235 2346 Saturnus
246 2288 361 2362 pridem
381 2287 493 2356 aeduin
520 2305 596 2344 nunc
613 2286 672 2361 inse
681 2286 800 2360 jacebo?

89 2411 185 2468 Hucce
204 2410 339 2468 abolenda
358 2410 456 2484 quin?
481 2409 540 2467 huc
558 2409 729 2467 incunabula
749 2410 841 2467 nostri
1026 2431 1081 2470 210

68 2500 73 2506 Ι
90 2532 238 2604 Numinis,
257 2537 285 2589 ct
301 2533 411 2589 luxus?
439 2530 487 2589 nic
504 2531 717 2589 illustrissimus
736 2535 811 2590 air?

91 2648 243 2724 Duiiaque
260 2649 389 2724 crystalla
409 2649 529 2723 conopia,
542 2657 679 2724 puraque
687 2649 769 2723 sunu

92 2772 219 2831 Lucmtis
238 2772 337 2847 regni?
362 2772 440 2846 quod
454 2790 530 2829 nunc
548 2773 733 2830 marcentibus
752 2773 836 2830 auris

90 2895 239 2952 Desnium
259 2912 434 2968 uacuumque
443 2895 527 2968 jacet,
549 2913 609 2952 mea
629 2895 712 2953 nullu
732 2896 882 2969 valuptas:
941 2939 944 2946 .
988 2943 990 2946 .

92 3018 152 3076 Nec
161 3017 257 3093 jubar
273 3017 330 3089 hac,
349 3018 515 3092 laniumque
532 3018 614 3091 diem,
625 3018 784 3094 formaque
802 3020 928 3093 decorem,

95 3139 150 3198 Sed
165 3139 288 3197 tuubras
307 3157 393 3211 cerna,
414 3146 526 3197 mantem
546 3140 723 3214 tuubrasque
732 3149 858 3216 pavesco.
