2694 3930
504 423 710 486 HYPERION·
1069 445 1084 504 5
1090 443 1105 503 5

100 604 192 662 Mira
202 604 281 680 fiais
298 607 389 681 opus!
425 602 523 666 Subiit
540 606 684 666 oraturior
701 605 784 681 horo,

100 726 215 787 Attulit
231 734 260 787 et
275 729 390 802 Lmem,
409 747 473 804 queo
492 747 558 788 mox
576 737 731 806 compressa
743 737 866 807 peracte
1050 752 1105 808 190
1155 739 1157 744 ’

108 847 226 925 chifico
244 855 331 909 totam
351 848 490 909 concussit
506 849 625 909 numine
642 851 749 911 notem.

103 969 240 1045 Tempore
257 987 313 1028 non
331 968 391 1028 alio
410 975 512 1029 nostra
523 969 692 1046 primordio
712 970 779 1030 vita

101 1089 298 1168 Ommparem
321 1091 468 1168 Calesque
485 1092 633 1169 apparuit,
652 1094 787 1169 almaque
807 1093 925 1165 Tellus,-

103 1215 152 1276 Tu
171 1235 281 1292 quoquc
289 1217 480 1294 primigenus,
500 1236 552 1277 nos
570 1223 598 1277 et
605 1217 711 1293 smera
725 1219 885 1295 gigantum,

99 1335 207 1412 Sponte
223 1354 313 1395 nouos
331 1336 412 1410 sedes,
425 1337 618 1413 pulcrumque
634 1339 806 1416 capessimus
824 1316 923 1399 orbern.

99 1459 195 1518 Nunc
210 1460 288 1519 subit
305 1460 357 1520 iste
374 1461 462 1535 dolor,
481 1461 511 1520 si
527 1480 627 1521 oerum
647 1462 751 1521 ouo'irc
768 1461 859 1522 dolori
878 1468 934 1521 est:

104 1579 132 1640 0
152 1581 260 1640 stultit
274 1581 411 1656 quantam
431 1600 500 1642 aera
519 1582 618 1642 omnio
639 1583 719 1643 eorde
728 1582 839 1658 fouere,

99 1706 287 1781 Euaztusquc
296 1709 374 1784 pati,
392 1715 421 1768 et
437 1710 521 1768 uultu
533 1709 665 1786 perferre
681 1725 785 1780 serato,

100 1829 168 1889 Hoc
187 1836 274 1905 caput
290 1831 405 1907 imperii
421 1850 565 1891 summum
586 1838 632 1892 est.
674 1829 830 1904 Advem'tc,
850 1829 948 1892 Diui!

105 1954 202 2014 Calas
221 1961 256 2012 ut
272 1963 299 2014 et
320 1956 417 2015 Tellus
427 1956 532 2032 formo
557 1955 652 2014 Chaos
670 1962 756 2030 atque
778 1954 918 2016 Tenebras
1049 1975 1106 2016 200

100 2077 300 2154 Exsuperont,
320 2079 462 2154 quondam
484 2097 573 2155 regcs;
593 2085 679 2154 utque
697 2080 815 2155 ogmiao
834 2087 932 2141 nostra

104 2199 245 2258 Tellurem
271 2198 433 2275 Calumquc
449 2219 525 2260 noua
544 2199 704 2277 compagine
720 2202 845 2276 vincunt,

100 2320 202 2379 Marte
220 2337 364 2394 manuque
382 2320 448 2394 cito,
468 2320 600 2380 camertes
619 2327 647 2380 et
663 2321 763 2380 oraim
780 2323 855 2397 uita,

100 2447 148 2506 Et
166 2445 245 2505 melle
262 2445 377 2506 indecies
396 2447 496 2506 melior
513 2453 622 2505 maturo
635 2446 801 2522 probatum·

101 2570 155 2634 Sic
171 2576 201 2628 et
217 2575 315 2629 nostro
335 2587 426 2629 recem
446 2569 554 2646 Species
574 2568 693 2644 oestign'o
705 2573 824 2644 pressat

101 2694 241 2755 Moribus
259 2699 287 2756 et
294 2694 400 2770 formo
412 2695 609 2771 prestantur,
628 2693 680 2754 loos
699 2711 732 2752 ca
743 2658 842 2768 satis¹

110 2817 226 2876 Vincere
243 2821 317 2875 certa
336 2815 423 2890 Deos,
444 2821 479 2874 ut
496 2834 547 2875 nos
566 2833 676 2892 quoquc
693 2814 813 2874 atomus
832 2813 903 2874 illos.
981 2823 984 2830 ·

102 2941 168 3000 Nec
185 2940 277 3016 magis
296 2939 455 3015 obruimur,
475 2957 564 3016 quom
576 2947 636 3017 per
652 2957 704 3000 nos
723 2939 825 3000 obruto
844 2943 934 2997 cessat
