2694 3930
514 409 548 460 H
549 406 720 458 YPERION.

108 589 157 647 Et
174 588 264 646 lucem
284 593 444 664 argenteam
464 605 548 644 sensu
567 587 711 663 trepidare
728 587 828 645 beate!

109 711 296 786 Nubegmum
316 710 421 769 audivi
439 711 587 770 tonitrus!
628 710 769 786 Qudnam
790 711 843 768 illa
856 715 988 784 potestas,

114 833 189 909 Quee
209 853 313 893 manus
333 834 495 910 ignipotens,
515 839 544 892 et
562 833 657 893 vc'rtus
674 835 805 892 numinis
826 835 928 906 instar,

111 957 234 1015 Rerum·
244 959 336 1032 agitat
353 964 432 1016 tante
452 957 599 1033 miscetque
616 959 748 1018 dernentu
767 961 895 1018 tumultu
904 983 959 1028 ,·-

112 1081 168 1139 Me
184 1083 309 1157 trepidas
321 1083 463 1158 prcebentc
480 1101 572 1155 aures,
594 1100 638 1141 me
656 1084 687 1141 in
706 1084 789 1142 litere
806 1086 884 1159 segni

113 1206 270 1278 Sclicitam,
290 1206 342 1264 sed
357 1225 405 1265 nec
414 1205 568 1281 pauidam,
589 1205 701 1264 ducente
719 1205 860 1281 quietem?

118 1326 146 1386 0
158 1334 219 1401 per
236 1333 263 1385 tc
280 1327 423 1385 citberam
438 1334 532 1402 pesce,
552 1326 621 1385 Dea
640 1327 702 1385 selu
721 1328 852 1399 locorum,

119 1449 192 1526 Quee
211 1458 340 1526 surgente
359 1451 411 1525 die,
431 1469 495 1526 quee
514 1424 670 1510 declinante
688 1452 819 1526 quiritat,

114 1573 177 1630 Dic
194 1571 269 1629 mibi
286 1590 340 1629 cur
357 1571 400 1630 itu
419 1572 507 1631 delire
518 1573 597 1648 juga
607 1572 734 1648 frondea
753 1574 884 1633 circum!

114 1700 161 1757 At
179 1705 212 1757 tu
232 1706 313 1757 muta
334 1717 449 1758 umnes:
476 1706 554 1758 mute
573 1705 668 1759 tamen
688 1718 737 1758 ere
754 1700 854 1758 nutavi

116 1824 198 1883 Scire
215 1829 297 1880 tuum
317 1822 369 1881 bec
388 1823 493 1898 iugens,
512 1824 592 1898 quod
607 1841 652 1881 me
669 1841 778 1898 queque
795 1821 876 1881 corde
895 1829 1030 1896 receptum

115 1948 225 2007 Reddit
234 1948 308 2022 jure
325 1947 423 2006 Deum
433 1971 443 2006 :
469 1953 549 2007 tento
568 1948 662 2006 simul
677 1948 790 2023 agmine
808 1947 928 2006 volvunt

115 2070 249 2128 Nomina
268 2088 332 2128 cum
353 2070 443 2142 rebus,
463 2088 528 2128 cum
548 2069 632 2128 ditiis
642 2068 731 2146 secia
751 2071 875 2143 uetustis,

115 2195 164 2252 Et
181 2194 242 2253 diri
259 2200 381 2267 euentus,
401 2213 588 2269 conuersaque
598 2195 672 2270 satu
684 2202 840 2270 potentum,

116 2317 164 2375 Et
171 2316 275 2392 fastus
293 2317 437 2389 seleucum,
457 2323 485 2374 et
503 2317 588 2376 verba
598 2317 734 2392 jubentia
754 2335 858 2392 regum,

116 2441 215 2516 Atque
231 2447 312 2500 crtus
332 2441 492 2515 obitusque,·
518 2440 586 2499 cani
603 2458 666 2516 quce
685 2441 813 2498 claustra
833 2441 937 2498 cerebri

115 2565 323 2640 Perrumpunt,
342 2569 531 2638 superumque
547 2561 659 2620 uniuees
678 2567 706 2619 et
722 2562 845 2619 numina
865 2561 988 2619 denunt:

117 2685 219 2746 Haud
233 2685 320 2744 aliter
335 2702 424 2760 quam
444 2683 473 2740 si
491 2683 574 2740 lectus
594 2701 673 2740 meru
693 2681 764 2740 vinu
783 2682 920 2754 bibissem,
1066 2700 1121 2737 120

119 2810 165 2867 Et
182 2827 238 2867 neu
258 2807 389 2866 mentales
409 2805 505 2864 diuini
521 2805 645 2864 mlieris
663 2806 793 2864 haustus.

179 2931 227 2993 Sic
248 2930 298 3005 ait,
319 2929 496 3007 accensique
518 2930 596 2990 oculi
617 2929 673 2988 sub
693 2929 791 2988 fronte
812 2928 906 3005 polita

120 3055 267 3128 AEquatas
286 3054 385 3130 jecere
405 3052 495 3125 faces,
516 3061 547 3112 et
566 3051 632 3112 luce
653 3062 812 3112 trementes

121 3176 279 3238 Confixere
301 3177 415 3236 Deam:
442 3193 513 3236 mox
534 3174 604 3235 saevi
624 3175 775 3253 impellere
796 3185 903 3248 motus
