2694 3930
513 421 547 470 H
547 420 714 470 YPERIOM

112 603 213 664 Vellet
231 611 261 662 et
281 600 346 679 ipse
367 601 450 660 Deus
469 601 582 677 jussum
604 600 683 675 dare,
704 602 793 662 vellet
813 603 844 660 in
864 604 925 665 alto

111 725 221 787 Sistere
238 727 300 802 jam
322 722 406 796 solio,
429 722 453 782 si
473 741 534 799 qua
553 723 617 783 vice
638 723 728 783 taedia
747 736 871 802 rumpat,

112 851 348 924 Cessantemque
368 845 444 906 ciere
465 845 545 905 diem
555 866 564 920 3
591 845 644 905 sed
664 847 725 905 fata
744 849 884 908 vetabant
1057 856 1112 912 260

111 968 258 1046 Quamvis
278 968 317 1030 de
338 969 481 1046 Superum
501 969 642 1045 primaevo
664 967 775 1029 semine
796 979 907 1030 cretum
917 992 927 1045 3

111 1095 181 1154 Nec
201 1103 392 1170 tempestates
411 1112 508 1157 sacras
527 1094 570 1152 fas
590 1102 702 1154 vertere
724 1094 869 1171 cuiquam.

112 1219 215 1294 Quare
233 1217 331 1291 etiam,
353 1227 386 1277 ut
405 1217 521 1278 dictum
542 1227 595 1291 est,
617 1216 746 1277 numeris
767 1228 844 1279 stata
863 1228 998 1299 tempora
1017 1225 1112 1299 plenis

112 1339 244 1415 Pertulit,
266 1349 297 1401 et
317 1339 399 1399 nasci
420 1340 471 1398 lux
489 1338 666 1417 imperfecta
685 1339 811 1418 negavit

175 1466 293 1525 Interea
313 1464 417 1542 plausu
437 1483 544 1541 pennae
563 1462 669 1541 gestire
689 1464 824 1541 gemellae

112 1590 237 1652 AEthere
257 1591 331 1652 ferre
350 1591 479 1668 globum.
521 1592 601 1651 Tum
621 1589 687 1650 latis
708 1589 784 1651 ostia
803 1592 895 1668 portis

114 1709 224 1770 Noctis
245 1710 284 1770 ad
307 1709 462 1788 imperium
482 1711 572 1771 furvae
593 1710 770 1788 panduntur.
812 1711 853 1770 At
873 1709 931 1784 ille,

113 1837 251 1894 Insuetus
272 1833 363 1906 flecti,
383 1833 413 1894 vi
432 1852 512 1894 nunc
531 1834 655 1894 inflexus
675 1834 783 1911 iniqua,

114 1953 322 2033 Compositum
342 1953 454 2014 moestis
476 1953 606 2014 animum
627 1954 666 2014 ad
686 1953 842 2032 praesentia
859 1955 949 2018 finxit.

112 2075 162 2137 Sic
181 2076 286 2153 procul
303 2075 440 2136 extremis
461 2076 648 2136 tenebrarum
668 2075 792 2138 etlucis
812 2077 844 2138 in
864 2078 923 2140 oris
1054 2100 1110 2157 270

113 2201 273 2260 porrectus
293 2198 377 2259 loedo
396 2198 565 2260 nimborum
585 2197 678 2260 limite
698 2199 797 2278 repsit,

113 2323 254 2383 Imbelles
275 2320 385 2382 stillans
406 2322 523 2384 radios:
549 2323 639 2384 Polus
660 2323 797 2385 omnibus
817 2325 901 2386 astris
995 2350 997 2354 ยน

113 2445 258 2524 Despexit
277 2447 427 2521 miserans,
448 2447 519 2507 dum
539 2447 642 2507 mundi
664 2449 762 2510 Caelus
782 2450 821 2510 ab
842 2469 908 2511 arce

113 2571 285 2648 increpitat,
305 2580 408 2632 tenues
428 2583 459 2634 et
479 2571 604 2634 succinit
623 2591 692 2634 aure
713 2576 853 2651 querelas

177 3053 345 3114 onimium
364 3053 459 3114 allelle
469 3055 562 3131 palm
573 3053 634 3131 flos
653 3055 702 3115 illc
719 3073 851 3130 meorum,

117 3179 267 3256 Conceptus
285 3186 375 3253 terra,
394 3181 466 3240 satio
484 3181 645 3241 clarissima
664 3181 731 3256 coeli,

111 3302 228 3363 Arcani
241 3302 374 3380 genitura
392 3304 477 3379 sacri,
496 3304 575 3382 quod
590 3312 689 3382 nempe
705 3323 791 3382 neque
810 3305 867 3382 psi
