2694 3930
517 420 551 470 H
553 419 668 470 YPERI
666 419 723 470 ON.

122 599 261 674 Canaque
276 599 411 675 majestas
431 599 554 659 vanescit
572 600 604 659 in
623 602 724 661 uthere
739 608 815 674 tata,·

117 725 232 801 Perque
247 725 361 784 damam
380 726 503 802 lapsam,
523 728 662 786 translati
680 729 786 787 cancia
796 730 889 804 juras,

116 847 275 922 Indignata
286 847 355 923 jaci
367 849 445 923 lange
463 853 516 907 tua
522 849 657 924 fulmina
676 856 813 910 mussant.

118 970 229 1030 Sa'licet
242 971 303 1045 illa,
324 972 394 1030 medi
409 972 511 1032 tironis
527 973 641 1033 subdita
661 974 775 1048 dextra,
824 961 827 968 ⁴

125 1093 216 1154 Urere
221 1095 299 1170 jam,
319 1097 463 1171 nostrique
477 1097 619 1155 accendere
635 1115 721 1172 regna
738 1097 836 1157 sereni.

122 1215 150 1275 0
170 1217 278 1276 misera
296 1220 377 1292 luces,
395 1238 539 1295 annosque
556 1221 701 1295 aequantia
709 1219 823 1295 puritia

123 1337 275 1414 Temporis,
293 1341 444 1417 utfessam
456 1343 592 1418 premitis
609 1343 733 1402 labentia
753 1348 878 1417 mentem,

119 1459 314 1536 Spirandique
328 1463 403 1520 lacus
420 1462 487 1538 defit
490 1462 564 1537 fera
571 1463 646 1538 fata
663 1463 798 1538 neganti!

119 1582 176 1655 Sic,
195 1581 329 1657 Saturne,
341 1584 430 1659 jaee;
456 1604 510 1643 cur
528 1586 605 1644 hanc
618 1605 663 1661 ega
683 1604 746 1644 vace
761 1586 881 1662 quietem

117 1706 232 1783 Irrupi,
249 1714 277 1766 et
292 1708 384 1766 tristes
401 1708 538 1783 tremefeci
545 1709 663 1786 sm'uala
682 1713 814 1770 saunas?

123 1828 177 1903 Tu,
198 1829 334 1906 Saturne,
342 1831 431 1907 sitem·
457 1833 594 1908 lacrymis
612 1851 658 1910 ega
677 1851 766 1892 arura
784 1833 886 1909 agaba.

180 2199 224 2258 Ut
239 2197 328 2258 celsae
345 2215 479 2274 quercus,
498 2199 550 2259 ubi
571 2216 632 2260 nox
652 2210 755 2260 aestate
776 2199 894 2274 fatiscit,

120 2323 300 2399 Magnorum
319 2340 475 2382 nemorum
491 2321 577 2383 viridi
593 2342 662 2383 cum
678 2333 761 2384 veste
782 2325 917 2398 Senatus,

118 2443 244 2504 Brachia
263 2443 368 2523 sopitae
385 2444 682 2522 superinclinantibus
703 2446 796 2521 astris,

119 2565 299 2641 Dormitant,
317 2567 468 2643 altumque
486 2565 601 2644 rigent3
628 2565 685 2626 nisi
701 2567 776 2627 forte
793 2565 929 2627 silentem

118 2688 245 2750 AEthera
264 2686 434 2766 corripiens,
454 2689 580 2765 planetu
598 2708 661 2749 non
682 2688 807 2766 amplius
825 2708 896 2764 un0,

119 2810 242 2889 Spiritus
260 2801 416 2890 exsuperet
433 2812 551 2886 sensim,
568 2822 730 2890 pereatque
747 2811 907 2887 cadend03

119 2935 168 2997 Sic
184 2934 315 3011 veniunt,
333 2937 452 3011 abeunt,
471 2936 578 2997 divinae
595 2955 744 2996 murmura
759 2936 850 2996 vocis.

119 3062 160 3121 At
177 3061 245 3121 Dea
260 3062 459 3138 procumbens
475 3059 612 3138 lacrymis
629 3058 745 3120 diffudit
762 3058 875 3120 obortis

120 3182 241 3244 Grande
256 3180 440 3262 capillitium,
455 3174 613 3260 posuitque
632 3180 663 3241 in
679 3183 800 3260 pulvere
818 3182 955 3255 frontem,
