2694 3930
499 399 703 455 HYPERION.

98 589 211 647 Moesta
232 583 308 660 dies,
331 586 475 662 spissique
496 603 584 662 super
603 585 754 662 laquearia
774 583 839 645 caeli
888 614 890 616 ·

98 711 178 770 Tota
198 709 294 770 noete
315 709 425 770 latent:
453 710 495 769 sic
516 708 723 769 intermortuus
744 706 842 768 omnis

100 833 251 908 Spemque
272 841 443 909 metumque
465 831 524 891 suis
544 829 656 905 reticet,
678 830 838 908 fruiturque
859 831 1001 910 sepulcro.

162 1195 201 1252 In
222 1212 345 1254 numero
365 1191 457 1270 jacuit
478 1193 580 1268 Creus,
601 1191 650 1254 cui
670 1192 805 1270 pondera
825 1193 892 1252 ferri

101 1313 196 1373 Clava
215 1332 338 1374 manum
359 1314 456 1389 subiit,
477 1325 508 1375 et
527 1314 607 1392 rupis
628 1325 713 1376 costa
732 1317 863 1389 revulsae,

99 1434 171 1494 Vim
191 1446 301 1496 testata
320 1435 389 1511 Dei,
409 1436 581 1515 rabiemque
602 1439 633 1497 in
653 1439 713 1498 fine
733 1439 863 1498 furentis.

100 1560 169 1618 Nec
188 1559 287 1619 minor
307 1561 428 1636 Iapetus
449 1559 547 1638 digitis
567 1560 685 1621 undosa
704 1561 843 1621 draconis
1066 1580 1105 1631 40

100 1681 191 1741 Colla
209 1690 291 1742 tenet
297 1704 306 1756 3
326 1682 425 1744 bifidae
445 1703 619 1762 compresso
638 1695 754 1763 gutture
775 1685 882 1764 linguae

100 1801 177 1864 Tela
194 1806 306 1882 jacent,
327 1807 484 1884 tradluque
504 1806 609 1884 ingens
630 1807 799 1868 extenditur
819 1805 923 1885 anguis

101 1928 240 1988 Mortuus
247 1949 257 2003 ;
276 1927 367 2006 idque
386 1931 494 2007 Jovem
515 1930 598 2007 quod
617 1931 700 1991 nullo
722 1932 820 1992 afflare
840 1949 958 1992 veneno

101 2048 210 2123 Bestia,
230 2048 420 2128 victoresque
441 2052 545 2112 oculos
566 2050 751 2128 exstinguere
771 2062 880 2130 posset

54 2151 57 2156 ⁵
102 2169 258 2230 meimus
278 2169 347 2230 huic
368 2172 487 2245 CottuS,
507 2170 557 2248 qui
579 2181 669 2232 strato
690 2191 814 2249 corpore
835 2184 968 2233 mentum

102 2291 195 2369 Erigit
202 2313 211 2367 3
233 2291 296 2369 ipse
317 2291 403 2353 dolor
423 2291 500 2353 saxis
521 2291 634 2353 illidere
655 2294 771 2354 calvam

101 2415 195 2489 Fecit,
215 2426 247 2476 et
267 2435 320 2476 ora
338 2417 400 2477 fero
422 2426 558 2493 torquere
580 2426 610 2481 et
631 2415 744 2476 lumina
763 2416 838 2478 nisu.

102 2541 163 2600 En!
184 2539 297 2614 Asiam,
319 2539 396 2600 Imai
417 2540 561 2613 sobolem,
583 2558 650 2616 quae
670 2539 801 2598 maxima
820 2549 945 2600 matrem

101 2664 252 2724 Tellurem
272 2673 357 2740 partu
377 2663 535 2740 plusquam
555 2682 636 2724 mare
657 2661 768 2723 femina
787 2660 880 2740 fregit

102 2785 151 2845 Illi
171 2795 272 2846 autem
291 2787 377 2846 fusco
397 2785 512 2863 species
533 2783 704 2846 meditantis
725 2783 756 2843 in
777 2803 837 2858 ore,

102 2911 174 2970 Non
195 2907 347 2970 moerentis
368 2917 430 2969 erat
436 2929 445 2983 3
465 2927 531 2985 quae
551 2927 661 2984 nempe
681 2905 822 2967 instantia
842 2908 911 2982 fata,

103 3033 142 3092 Et
159 3032 224 3109 jam
243 3031 405 3108 promissos
426 3049 527 3091 secum
547 3030 688 3091 volvebat
707 3029 844 3090 honores.

29 3153 34 3164 '
102 3154 224 3232 Magnae
244 3151 352 3212 mentis
372 3171 448 3230 opus
468 3150 574 3229 palmis
595 3151 730 3214 florentia
749 3151 869 3228 templa,
