2694 3930
507 428 540 476 H
542 428 655 477 YPERI
653 427 709 476 ΟΝ.

109 602 230 679 Impulit
251 603 315 678 ipse
335 601 411 660 sores
432 599 538 675 anima,
560 599 727 677 nimbisque
747 599 852 675 fugatis

107 722 246 783 Protinus
266 722 306 782 ad
326 722 439 800 gelidos
459 720 598 798 patefecit
617 721 749 797 Tethyos
770 738 879 779 amnes,

167 963 396 1042 Flammigemm
410 963 463 1024 sed
477 962 565 1037 enim,
578 982 637 1040 quo
652 982 683 1023 se
698 964 780 1022 Deus
794 959 905 1021 invehit
919 971 1027 1021 astmm
1048 981 1105 1035 240

106 1089 201 1148 Mane
222 1106 333 1160 recens,
355 1105 470 1146 curmm
490 1097 570 1146 meta
589 1084 708 1144 molitus
728 1094 860 1160 utraque,

105 1206 238 1267 Vertitur
258 1208 408 1267 occlusum
428 1207 552 1266 nebulis.
595 1209 661 1266 Nec
682 1226 798 1283 semper
817 1205 847 1263 in
869 1215 931 1265 atra

106 1332 196 1392 Nube
217 1332 309 1406 latet3
332 1333 394 1408 jam
413 1333 534 1407 jamque
554 1329 661 1390 micat:
690 1330 731 1390 sic
752 1328 896 1390 candidus
917 1327 978 1388 axis

106 1452 271 1525 Interdum,
292 1462 380 1528 atque
401 1470 493 1525 arcus,
514 1461 544 1512 et
564 1451 614 1511 lati
636 1471 712 1511 zona
732 1452 823 1511 coluri

105 1575 272 1649 Perlucent,
294 1574 479 1650 tenebrisque
499 1574 656 1635 tenerrima
675 1576 787 1652 fulgura
808 1583 882 1652 toto

105 1695 287 1772 Inscripsere
305 1696 386 1772 polo.
430 1697 496 1756 Nec
516 1697 703 1755 inobservata
722 1693 828 1754 vetusti
856 1713 859 1722 ·

105 1819 197 1896 Signa
216 1820 316 1877 Deum
337 1827 472 1893 stupuere
492 1826 598 1892 patres,
622 1815 822 1900 Chaldaeaque
843 1815 948 1891 raptim

106 1940 218 2002 Defixit
237 1939 356 2018 placida
376 1937 520 2015 sapientia
539 1937 661 2014 pervigil
681 1957 755 1998 arce.

105 2065 155 2125 Sic
175 2063 299 2140 quaesita
319 2062 369 2123 diu
390 2061 503 2139 species
524 2061 658 2139 apparuit
678 2061 775 2122 orbis:

105 2187 182 2246 Mox
201 2185 313 2260 periere
333 2193 412 2242 notae
422 2203 432 2256 ς
457 2183 513 2240 nisi
535 2181 558 2240 si
580 2201 646 2258 quae
666 2180 835 2242 enormibus
856 2180 927 2242 olim
1046 2203 1060 2240 2
1065 2200 1102 2258 50

105 2306 263 2384 Relliquiis
281 2305 412 2382 lapidum
429 2306 591 2401 deprensae,
611 2316 640 2365 et
658 2324 803 2366 marmore
821 2306 924 2380 fusc03

105 2432 197 2489 Mens
218 2428 324 2506 quibus
343 2427 459 2503 interiit,
479 2447 535 2488 nec
554 2427 626 2505 quid
645 2429 772 2489 docuere
788 2440 935 2505 repertum
953 2438 1004 2488 est.

167 2699 223 2759 Ille
240 2698 347 2776 globus
365 2697 497 2776 geminas
518 2695 647 2774 argentei
666 2694 783 2754 luminis
804 2696 874 2768 alm,

105 2820 227 2884 Grande
246 2820 345 2894 decuS,
364 2819 487 2880 Domini
506 2819 635 2880 adventu
654 2819 768 2895 jaetare
790 2819 904 2879 solebat
914 2839 923 2892 ;

104 2944 182 3018 Quae
200 2960 280 3002 nunc
300 2962 317 3002 e
337 2941 475 3016 tenebriS,
493 2960 664 3019 magnarum
684 2941 804 3001 horrore
824 2922 975 3001 comarum

104 3062 220 3125 Sensim
241 3064 442 3138 ostenduntur,
463 3064 534 3124 dum
554 3063 781 3141 fulgentissimus
802 3064 881 3125 orbis

105 3187 196 3248 Nube
216 3187 331 3248 laborat
351 3187 457 3263 adhuc,
477 3189 649 3266 jussumque
670 3188 825 3264 exspectat
845 3187 943 3248 herile.
