2694 3930
6 3379 10 3521 ι

517 379 550 428 H
553 378 666 428 YPERI
664 378 721 428 ON.

119 565 233 625 Scilicet
251 563 306 637 ille,
327 563 436 622 mdum
457 563 510 640 qui
518 563 598 639 secit,
611 562 744 638 perferat
760 563 840 622 idern

118 686 172 758 Ae,
191 685 255 744 licet
277 683 381 743 Oceani
400 701 516 742 necnon
529 683 586 758 pia
597 680 708 758 sabula
729 683 823 757 orauit,

119 812 224 869 Multa
244 815 338 868 tamen
358 809 440 881 doleo,
460 817 487 867 et
496 808 656 883 plusquam
677 825 738 866 urea
759 826 844 883 regna
865 809 983 883 requiro.

4 1007 5 1020 χ
119 934 209 992 Pau's
228 934 302 992 enim
313 933 418 1008 sugere
436 932 502 1004 dies,
521 938 549 988 et
566 937 691 1006 tempora
710 931 810 1004 somni,

124 1054 264 1129 Tempora
274 1053 415 1128 ferventis
427 1053 606 1128 jamdudum
626 1052 717 1110 nescia
730 1060 857 1128 pugma;

123 1177 231 1237 Omnis
250 1177 302 1235 ubi
320 1177 461 1253 Superum
482 1177 608 1235 ueniebat
624 1177 747 1236 cande'da
758 1177 850 1252 pubes

125 1303 287 1378 Quaesitum
300 1302 418 1378 patulis
437 1303 575 1378 quidnam
595 1303 772 1378 loqueremur
788 1303 884 1363 ocellis.

121 1426 262 1485 Nondum
282 1424 428 1485 cuetratla
442 1425 639 1502 glomerabant
655 1426 756 1484 nubila
766 1425 887 1501 sroutis,

122 1549 267 1607 Mollibus
285 1555 341 1606 aut
357 1547 448 1606 labris
468 1566 543 1606 voces
562 1548 665 1606 lasere
675 1548 827 1623 profana;

123 1669 188 1728 Nec
204 1669 271 1744 quis
290 1669 386 1727 adbuc
402 1674 495 1741 norat,
516 1669 595 1743 rigni
612 1687 727 1727 securus
745 1675 772 1726 et
788 1668 851 1741 aui,

129 1790 255 1849 Cuilibet
271 1798 307 1849 ut
315 1792 403 1866 parti
430 1791 554 1850 Villoria
573 1792 683 1849 cessem't
700 1791 765 1850 ales.

126 1911 188 1971 Sed
203 1912 307 1970 durate
324 1911 449 1982 animis,·
476 1930 545 1969 nam
556 1911 693 1987 fratrum
713 1911 869 1970 acerrimus
888 1912 936 1970 ille

126 2035 267 2094 Nmedum
287 2036 405 2094 sidereos
424 2036 573 2111 Hyperion
586 2036 718 2111 perdidit
734 2055 862 2095 axes:-
1071 2057 1131 2114 330

127 2157 205 2218 Ent
227 2158 422 2234 Hyperionius
433 2160 503 2233 jam
518 2160 614 2234 gliscit
630 2161 730 2218 limine
738 2161 848 2237 fulgor.

189 2281 374 2342 Enceladum
394 2281 497 2342 cundti
518 2284 728 2361 suspeftavere
748 2285 929 2361 loquentem.

128 2406 210 2463 Tum
230 2423 358 2481 quoque,
381 2405 453 2464 dum
474 2406 549 2465 tanti
570 2425 682 2475 nomen
702 2407 786 2466 ducis
807 2426 858 2467 ore
878 2406 1023 2467 resultans

129 2527 235 2588 Ardua
254 2528 388 2589 Tartarei
408 2528 559 2604 laquearia
572 2528 697 2606 contigit
716 2529 801 2602 antri,

130 2650 278 2711 Viderunt
298 2647 364 2728 ipso
383 2651 471 2726 jubar
491 2649 694 2727 impallescere
710 2651 800 2710 vultu.

131 2773 232 2832 Torva
253 2770 375 2848 quidem
395 2771 495 2846 iacies,
516 2773 647 2833 necdum
667 2774 757 2834 effera
768 2795 777 2848 3
799 2792 929 2850 namque
945 2774 1075 2835 furentes

133 2895 279 2975 Repperit
298 2897 362 2974 ipse
383 2897 490 2956 furens.
534 2898 722 2958 Cunctorum
740 2897 772 2956 in
792 2898 889 2958 fronte
909 2897 1039 2958 micabat

134 2999 223 3076 Lucis
243 3014 342 3094 imago
362 3034 450 3076 novae
461 3037 470 3091 3
500 3016 554 3075 sed
575 3016 681 3076 clarius
701 3035 754 3076 ora
773 3014 909 3077 nitebant

132 3139 259 3215 Saturni,
280 3141 364 3218 cujus
385 3139 481 3200 crines
502 3139 533 3198 in
553 3140 663 3202 vertice
684 3138 752 3201 cani

135 3263 300 3337 Fulsenmt,
321 3273 355 3322 ut
376 3281 482 3341 spuma
502 3262 568 3324 citae
590 3264 703 3333 suffusa¹
719 3261 836 3337 carinae,
1079 3285 1136 3342 340

1012 3421 1056 3466 Η
