2694 3930
494 399 698 452 aureuma.
790 377 795 388 '

88 577 154 636 Pro
173 576 263 638 tacita
275 579 384 655 pluma
403 599 587 642 numeroram
607 583 729 644 accitu
747 584 824 657 olis;

88 700 138 759 Et
155 702 366 762 circumvolitat
382 711 475 781 caput,
495 711 523 765 a·
540 724 602 765 mea
613 705 736 782 potiora
751 708 845 767 lassat

89 825 211 886 Latz'tia
230 828 363 905 laetaque
380 831 476 890 amul.
523 831 688 907 Superabat
705 833 806 892 abidm

90 948 213 1025 Lallus,
233 956 261 1010 a·
277 951 413 1012 attentius
431 952 594 1014 claudebam
606 954 720 1030 sattius
737 973 841 1026 aaran

98 1073 177 1133 Cum
196 1075 290 1134 tenua}
309 1083 444 1152 rumpetur
462 1077 574 1154 trem
594 1076 786 1136 ablutiamina
798 1078 915 1154 palma,

89 1196 247 1272 Blandior,
267 1199 328 1260 aa!
343 1207 483 1275 quantum
504 1200 632 1259 numeris
651 1219 708 1260 vox
728 1201 861 1261 blandior
879 1202 956 1276 ullis,

99 1317 192 1392 Venit,
211 1318 337 1395 Apollo!
358 1327 464 1396 repens,
485 1321 570 1395 Puer,
591 1328 620 1381 et
636 1323 780 1397 mutavit,
800 1323 926 1401 Apollo!

91 1441 186 1504 Lucis
205 1443 317 1521 Apollo
338 1442 442 1505 decus!
467 1446 546 1506 Puer
566 1445 604 1520 Ο,
626 1446 771 1520 clamavit,
791 1446 916 1524 Apollo!
1041 1450 1097 1505 280

90 1565 217 1644 Effugi,·
239 1575 334 1628 tamen
354 1545 408 1628 illa
427 1587 544 1644 sequeris
562 1568 685 1642 t'teraot't,
705 1569 834 1645 Apollo!

95 1689 125 1749 0
140 1695 238 1766 pater,
262 1691 290 1751 0
300 1691 425 1768 fratrae,
445 1710 494 1751 vos
514 1692 591 1751 hunc
609 1696 738 1766 reputate
755 1690 900 1752 dolorem!

94 1811 142 1872 Tu
164 1817 274 1888 reputa,
293 1812 447 1874 Saum!
463 1813 523 1873 Sed
542 1813 592 1874 O!
610 1813 639 1871 si
649 1812 733 1888 som
748 1812 869 1886 tultum,

89 1937 163 1998 Nan
182 1937 237 1998 tibi
253 1939 325 1998 laxa
345 1937 432 1996 nimir
442 1937 525 2013 soret
541 1937 601 1997 lrac
619 1937 797 2013 querimonia
817 1938 931 1998 tandem

100 2063 180 2136 Visa,
199 2081 248 2122 nac
263 2062 400 2122 audacem
421 2063 502 2121 vella
514 2022 707 2137 perstn'ngura
724 2062 875 2138 linguam!

155 2186 225 2244 Hac
246 2182 370 2260 delapsa
392 2192 479 2242 tenus
501 2181 659 2260 Clymenes
680 2201 739 2242 vox
759 2182 860 2258 effluit,
881 2183 976 2246 amnis

93 2311 139 2369 Ut
158 2304 299 2385 trepidus,
320 2303 371 2383 qui
392 2303 566 2382 saxifragum
587 2304 658 2382 legit
678 2305 806 2382 aequoris
826 2325 919 2381 oram,

93 2435 133 2493 Et
154 2431 312 2493 cuntiatur
331 2428 425 2506 aquis,
445 2429 608 2507 metuitque
629 2449 782 2492 occurrere
803 2441 914 2508 ponto:

11 2577 12 2580 ¹
94 2558 167 2634 Ipsa
187 2552 241 2614 sed
261 2551 397 2626 occurrit,
417 2551 566 2629 tactisque
587 2550 738 2612 exhorruit
756 2550 854 2612 undio

93 2673 292 2736 vociferantis
314 2673 394 2735 enim
418 2692 560 2752 superans
581 2670 734 2733 absorbuit
754 2681 844 2732 aestus
1040 2688 1096 2744 290
1170 2659 1174 2664 ’

96 2795 240 2858 Enceladi
246 2817 256 2872 ;
275 2805 360 2857 tanto
380 2794 552 2858 ceciderunt
571 2793 705 2872 pondere
725 2794 826 2868 verba,

96 2926 140 2986 Ut
159 2921 266 2984 tumidi
286 2921 395 2983 fluaus
416 2919 518 2982 brevia
541 2919 572 2979 in
594 2937 735 2997 scruposa
754 2927 874 2978 ruentes

95 3044 282 3107 Semireierta
301 3045 365 3105 salo
385 3043 530 3121 plangunt
550 3061 624 3103 cava
644 3061 717 3102 saxa
736 3038 863 3102 sonanti.

96 3165 217 3230 Sustulit
237 3185 290 3228 ora
309 3166 401 3240 ferox,
423 3163 525 3226 cubito
546 3174 647 3224 tomen
667 3181 762 3240 usque
782 3159 900 3236 resedit,

97 3293 272 3373 Indignatus
291 3292 384 3354 humo
404 3289 525 3353 Titania
543 3290 652 3352 vellere
671 3288 813 3350 membra„
