2694 3930
492 370 525 418 H
528 370 641 418 YPERI
641 370 697 418 ON.

89 555 223 612 Saltibus
242 553 373 625 herbosis,
393 559 421 609 et
431 552 605 627 pralabente
622 569 743 609 susurra

87 676 250 751 Intrepidas
269 674 333 732 nidi
351 674 476 731 relevare
494 673 641 730 cacumina
652 673 750 747 flores.

89 799 171 870 Illas,
192 798 287 869 Diva,
307 797 407 868 oculas,
427 802 455 853 et
472 794 594 852 lurniuis
613 813 665 852 ara
685 795 786 867 sereni,

89 922 157 979 Aut
175 920 246 992 uidi5
265 926 321 977 aut
338 918 444 976 samnis
454 917 563 992 forsan
584 891 690 975 vidisse
702 911 836 992 putaui'
1062 923 1100 977 60

151 1042 275 1115 Annuit,
296 1053 334 1116 et,
358 1042 482 1114 Sarnuis,
504 1040 587 1114 dixit,
609 1042 713 1100 uidisse
723 1048 848 1132 putata:

91 1167 129 1222 Et
151 1182 239 1240 super
259 1161 406 1240 increpuit
427 1163 530 1221 formae
551 1162 676 1222 caelestis
699 1164 803 1239 Imago
817 1185 864 1221 :—

156 1286 237 1361 Quin
256 1285 413 1362 experrelba
432 1285 523 1359 chelys
542 1285 586 1342 aa'
601 1286 680 1342 latus
700 1285 757 1342 ista
777 1292 887 1359 reperta
907 1292 947 1343 est

87 1411 210 1478 Aurea;
228 1410 353 1484 saraque
371 1414 419 1466 tua
431 1406 562 1481 pulsatis
574 1407 677 1480 pollice
695 1406 807 1464 chardis

88 1532 173 1589 Aure
192 1541 288 1608 rapax
308 1531 392 1606 ae'gili
410 1530 490 1588 uisus
510 1530 653 1587 sentiscere
671 1530 819 1599 mundus,·

87 1654 279 1729 prodigaque
296 1672 367 1712 uana
379 1659 490 1729 partus
510 1652 626 1710 inhiare
643 1652 748 1725 canori,

86 1775 253 1851 laterique
270 1775 392 1850 erigique
409 1774 505 1832 simul.
552 1772 636 1847 Quid
653 1780 750 1830 maesta
771 1775 891 1832 revolvis

13 1857 14 1930 ἶ
86 1899 278 1957 [cremeritust
304 1916 367 1972 qua
386 1897 428 1954 sic
445 1896 572 1954 dotatum
593 1913 665 1953 cura
686 1897 855 1956 momordit?

88 2029 158 2101 Dic,
169 2027 291 2103 juvenis
299 2049 313 2096 ,·
340 2045 464 2102 namque
482 2026 546 2102 insa
565 2025 624 2083 tuis
644 2024 675 2081 in
694 2022 818 2082 lullibus
837 2042 944 2099 angam

88 2154 151 2212 Dic
169 2153 251 2226 mihi,
271 2171 335 2227 qua
354 2153 410 2211 sala
422 2152 602 2227 jamdudum
623 2149 654 2208 in
674 2150 756 2208 litare
773 2150 887 2208 blandis
1059 2168 1095 2223 70

87 2277 250 2352 Invigilare
267 2277 345 2350 teris,
365 2283 392 2334 et
409 2283 535 2353 tempera
555 2295 661 2335 nascere
679 2276 751 2333 lucis

89 2399 178 2458 Sueta
197 2406 272 2456 tua:
299 2399 352 2457 tibi
369 2399 411 2456 sie
428 2399 530 2456 teneris
540 2398 720 2473 famulabar
738 2398 775 2454 ab
794 2397 891 2470 aunis,

93 2521 168 2578 Curn
181 2520 315 2594 prienam
337 2515 466 2595 infirmas
485 2519 595 2594 carpsit
613 2536 718 2576 manus
738 2518 827 2576 iusce'a
837 2518 950 2594 stares,·

88 2646 188 2703 Danec
205 2643 372 2702 inexhausti
390 2644 479 2702 robur
488 2643 620 2718 juvabile
638 2641 738 2699 lacerti

89 2766 208 2825 Fortius
227 2765 343 2823 hereum
356 2773 415 2841 per
432 2766 534 2823 sucula
555 2765 675 2822 tenderet
693 2783 802 2822 arcum.

94 2891 140 2950 Tu
161 2891 241 2948 mada
259 2909 342 2948 sensa
362 2892 450 2949 libens
469 2891 573 2948 arcani
584 2889 710 2966 pellaris
729 2889 811 2965 effer:

88 3014 160 3088 Ipsa
181 3013 278 3071 Deum
298 3013 433 3088 quoniam
454 3020 577 3071 aeterum
598 3033 654 3072 nan
675 3015 778 3072 ultima
798 3033 896 3073 sacras

87 3135 215 3194 Destrui
231 3135 316 3207 sedes,
327 3134 465 3209 satarum
486 3133 573 3192 dulia
593 3140 709 3192 tuarum

90 3257 233 3315 Dulcibus
252 3256 310 3314 huc
328 3256 451 3329 monitis,
461 3255 623 3331 formaque
642 3256 754 3314 recentis
774 3274 875 3315 amare.
