2694 3930
481 420 515 472 H
516 420 684 472 YPERION.

79 602 221 666 Condere
242 621 275 664 se
296 601 406 678 famuli,
426 613 457 665 et
477 605 624 666 confertas
648 623 754 684 cogere
775 607 883 683 turbas,

77 725 219 800 Attoniti,
240 725 380 804 plenique
399 736 480 787 metu
490 748 499 803 3
525 745 582 788 nec
603 729 698 789 secius
718 728 838 789 horrent

77 847 211 926 Agmina
230 849 339 910 anhela
357 848 451 909 virum
471 849 538 910 latis
558 849 694 911 coeuntia
714 850 835 928 campis,

80 973 161 1033 Cum
181 972 269 1033 tellus
288 970 395 1046 tremit,
417 981 448 1032 et
467 971 554 1034 celsis
574 972 669 1049 quatit
689 973 802 1050 oppida
821 972 918 1035 muris.

138 1094 278 1170 Jamque,
296 1091 348 1153 ubi
367 1093 517 1168 Saturnus,
537 1094 636 1172 gelido
656 1104 774 1172 torpore
796 1096 918 1174 solutus,

79 1217 140 1277 Per
160 1216 273 1292 sylvam
292 1217 414 1293 urgebat
434 1217 529 1278 Theae
549 1216 634 1291 latus,
653 1216 718 1295 ipse
737 1217 850 1280 relictis

79 1339 157 1399 Post
175 1348 289 1415 tergum
308 1338 438 1400 tenebris
459 1339 641 1417 Hyperionis
662 1340 765 1418 igneus
784 1339 873 1403 ardor

81 1460 212 1522 Perculit
232 1460 390 1522 occiduum
408 1481 471 1523 non
490 1463 577 1525 recto
597 1463 693 1525 sidere
713 1465 811 1525 limen.
1025 1466 1080 1523 180

82 1585 128 1645 Ut
148 1583 277 1658 solitum,
297 1584 363 1645 laevi
384 1586 539 1647 dissultant
558 1585 679 1647 cardine
699 1587 810 1647 valvae:

82 1706 205 1767 Guntia
224 1705 319 1780 silent,
339 1706 396 1767 nisi
416 1727 492 1784 quos
512 1707 611 1769 anima
630 1708 803 1770 modulante
823 1705 917 1770 severi

82 1829 228 1890 Inflavere
248 1831 337 1892 tubos
357 1831 490 1908 Zephyri,
512 1842 704 1909 tenerumque
724 1851 778 1910 per
798 1850 882 1892 auras

82 1952 252 2032 ingeminat
271 1954 374 2028 melos,
395 1964 425 2015 et
444 1955 534 2032 longo
554 1955 622 2016 loca
644 1974 791 2017 murmure
811 1955 948 2034 complet

82 2075 140 2136 Illa
159 2093 236 2136 rosae
257 2073 359 2134 similis
379 2075 475 2135 forma
494 2073 637 2151 miniique
656 2076 772 2149 rubore,

82 2197 230 2258 Dulcibus
251 2208 281 2258 et
300 2196 403 2271 ventis,
425 2205 455 2257 et
474 2198 580 2274 frigore
600 2206 686 2273 porta
704 2195 824 2271 recenti,

82 2317 232 2396 Explicuit
251 2317 363 2392 florem,
386 2317 579 2394 Dominoque
599 2319 691 2379 effusa
709 2320 839 2395 patebat,

81 2441 214 2516 Jamjam
234 2437 399 2516 ingressuro
419 2438 517 2499 sanor
537 2438 700 2517 penetralia
718 2440 818 2500 fastus.

143 2563 185 2621 At
207 2562 290 2620 Deus
309 2559 476 2644 ingrediens
497 2560 632 2622 animosa
652 2563 786 2624 efferbuit
805 2562 848 2623 ira
857 2585 866 2638 3

81 2687 201 2762 Flagrat
219 2704 299 2763 pone
319 2685 413 2746 fluens
434 2705 452 2745 a
472 2685 602 2746 calcibus
622 2685 713 2747 incita
732 2688 821 2747 vestis
1025 2699 1080 2763 190

81 2806 210 2884 Mugitu,
231 2807 349 2883 qualem
369 2817 501 2868 terrenus
521 2807 653 2884 concipit
673 2807 749 2885 ignis
760 2829 769 2883 3

81 2931 153 3006 Quo
173 2928 260 2989 mites
280 2930 378 3006 fugere
400 2930 501 3004 Horae,
522 2929 689 3006 plumisque
709 2930 863 3008 palumbes

82 3055 297 3114 Contremuere
318 3053 402 3112 Deae.
443 3051 516 3112 Ruit
536 3051 585 3114 ille
605 3053 747 3130 ardetque
767 3053 889 3127 ruendo,

82 3174 229 3235 Sublimes
249 3174 366 3251 rapiens
387 3175 477 3250 aulas,
500 3175 704 3253 thalamosque
724 3196 875 3254 pererrans
886 3199 894 3252 3

82 3297 209 3374 Quaque
229 3294 342 3358 intexta
361 3315 451 3376 vagas
471 3297 598 3376 fragrant
618 3298 768 3376 laquearia
787 3300 875 3374 luces,
