<?xml version="1.0" encoding="UTF-8"?>
<!DOCTYPE html PUBLIC "-//W3C//DTD XHTML 1.0 Transitional//EN"
    "http://www.w3.org/TR/xhtml1/DTD/xhtml1-transitional.dtd">
<html xmlns="http://www.w3.org/1999/xhtml" xml:lang="en" lang="en">
 <head>
  <title>
</title>
<meta http-equiv="Content-Type" content="text/html;charset=utf-8" />
  <meta name='ocr-system' content='tesseract 3.04.00' />
  <meta name='ocr-capabilities' content='ocr_page ocr_carea ocr_par ocr_line ocrx_word'/>
</head>
<body>
  <div class='ocr_page' id='page_1' title='image "./keatsiihyperion01merigoog_0060.png"; bbox 0 0 2694 3930; ppageno 0'>
   <div class='ocr_carea' id='block_1_1' title="bbox 508 404 714 455">
    <p class='ocr_par' dir='ltr' id='par_1_1' title="bbox 508 404 714 455">
     <span class='ocr_line' id='line_1_1' title="bbox 508 404 714 455; baseline 0.01 -2"><span class='ocrx_word' id='word_1_1' title='bbox 508 404 542 453; x_wconf 87' lang='lat' dir='ltr'><em>H</em></span> <span class='ocrx_word' id='word_1_2' title='bbox 543 404 714 455; x_wconf 81' lang='lat' dir='ltr'><em>YPERION.</em></span> 
     </span>
    </p>
   </div>
   <div class='ocr_carea' id='block_1_2' title="bbox 108 584 1113 1522">
    <p class='ocr_par' dir='ltr' id='par_1_2' title="bbox 108 584 1004 665">
     <span class='ocr_line' id='line_1_2' title="bbox 108 584 1004 665; baseline 0.004 -20"><span class='ocrx_word' id='word_1_3' title='bbox 108 587 186 645; x_wconf 90' lang='lat' dir='ltr'>Tum</span> <span class='ocrx_word' id='word_1_4' title='bbox 207 586 312 662; x_wconf 89' lang='lat' dir='ltr'>magis,</span> <span class='ocrx_word' id='word_1_5' title='bbox 332 603 477 662; x_wconf 80' lang='lat' dir='ltr'>aegrorum</span> <span class='ocrx_word' id='word_1_6' title='bbox 497 584 634 646; x_wconf 81' lang='lat' dir='ltr'><strong>thalamis</strong></span> <span class='ocrx_word' id='word_1_7' title='bbox 655 585 679 646; x_wconf 94' lang='lat' dir='ltr'>si</span> <span class='ocrx_word' id='word_1_8' title='bbox 698 586 775 648; x_wconf 87' lang='lat' dir='ltr'>forte</span> <span class='ocrx_word' id='word_1_9' title='bbox 795 586 1004 665; x_wconf 86' lang='lat' dir='ltr'>propinquent,</span> 
     </span>
    </p>

    <p class='ocr_par' dir='ltr' id='par_1_3' title="bbox 109 708 1113 910">
     <span class='ocr_line' id='line_1_3' title="bbox 109 708 1113 787; baseline 0.004 -20"><span class='ocrx_word' id='word_1_10' title='bbox 109 709 178 784; x_wconf 87' lang='lat' dir='ltr'>Qua</span> <span class='ocrx_word' id='word_1_11' title='bbox 197 708 325 769; x_wconf 86' lang='lat' dir='ltr'>confusa</span> <span class='ocrx_word' id='word_1_12' title='bbox 344 708 408 786; x_wconf 90' lang='lat' dir='ltr'>pari</span> <span class='ocrx_word' id='word_1_13' title='bbox 428 709 623 787; x_wconf 89' lang='lat' dir='ltr'>languescunt</span> <span class='ocrx_word' id='word_1_14' title='bbox 641 711 763 772; x_wconf 90' lang='lat' dir='ltr'>vulnere</span> <span class='ocrx_word' id='word_1_15' title='bbox 783 711 890 786; x_wconf 82' lang='lat' dir='ltr'>corda3</span> <span class='ocrx_word' id='word_1_16' title='bbox 1059 733 1113 771; x_wconf 89' lang='lat'>100</span> 
     </span>
     <span class='ocr_line' id='line_1_4' title="bbox 109 829 901 910; baseline 0.008 -22"><span class='ocrx_word' id='word_1_17' title='bbox 109 829 203 889; x_wconf 86' lang='lat' dir='ltr'>Haud</span> <span class='ocrx_word' id='word_1_18' title='bbox 225 829 310 890; x_wconf 91' lang='lat' dir='ltr'>aliter</span> <span class='ocrx_word' id='word_1_19' title='bbox 328 829 430 891; x_wconf 89' lang='lat' dir='ltr'>medio</span> <span class='ocrx_word' id='word_1_20' title='bbox 450 850 482 891; x_wconf 90' lang='lat' dir='ltr'>se</span> <span class='ocrx_word' id='word_1_21' title='bbox 503 830 631 892; x_wconf 91' lang='lat' dir='ltr'>miscens</span> <span class='ocrx_word' id='word_1_22' title='bbox 651 831 770 910; x_wconf 85' lang='lat' dir='ltr'>agmine</span> <span class='ocrx_word' id='word_1_23' title='bbox 791 832 901 894; x_wconf 68' lang='lat' dir='ltr'>ductor</span> 
     </span>
    </p>

    <p class='ocr_par' dir='ltr' id='par_1_4' title="bbox 109 951 870 1031">
     <span class='ocr_line' id='line_1_5' title="bbox 109 951 870 1031; baseline 0.003 -20"><span class='ocrx_word' id='word_1_24' title='bbox 109 951 248 1029; x_wconf 86' lang='lat' dir='ltr'>Languit,</span> <span class='ocrx_word' id='word_1_25' title='bbox 267 951 358 1028; x_wconf 89' lang='lat' dir='ltr'>inque</span> <span class='ocrx_word' id='word_1_26' title='bbox 378 951 429 1012; x_wconf 90' lang='lat' dir='ltr'>illa</span> <span class='ocrx_word' id='word_1_27' title='bbox 448 953 593 1013; x_wconf 89' lang='lat' dir='ltr'>resolutus</span> <span class='ocrx_word' id='word_1_28' title='bbox 615 962 710 1031; x_wconf 82' lang='lat' dir='ltr'>strage</span> <span class='ocrx_word' id='word_1_29' title='bbox 731 952 870 1027; x_wconf 90' lang='lat' dir='ltr'>labasset,</span> 
     </span>
    </p>

    <p class='ocr_par' dir='ltr' id='par_1_5' title="bbox 108 1072 835 1152">
     <span class='ocr_line' id='line_1_6' title="bbox 108 1072 835 1152; baseline 0.003 -20"><span class='ocrx_word' id='word_1_30' title='bbox 108 1072 151 1132; x_wconf 93' lang='lat' dir='ltr'>Ni</span> <span class='ocrx_word' id='word_1_31' title='bbox 171 1083 258 1134; x_wconf 90' lang='lat' dir='ltr'>torvo</span> <span class='ocrx_word' id='word_1_32' title='bbox 279 1074 448 1135; x_wconf 83' lang='lat' dir='ltr'>Enceladus</span> <span class='ocrx_word' id='word_1_33' title='bbox 468 1074 580 1135; x_wconf 85' lang='lat' dir='ltr'>fixisset</span> <span class='ocrx_word' id='word_1_34' title='bbox 600 1075 730 1136; x_wconf 87' lang='lat' dir='ltr'>lumine:</span> <span class='ocrx_word' id='word_1_35' title='bbox 750 1077 835 1152; x_wconf 90' lang='lat' dir='ltr'>cujus</span> 
     </span>
    </p>

    <p class='ocr_par' dir='ltr' id='par_1_6' title="bbox 109 1195 872 1274">
     <span class='ocr_line' id='line_1_7' title="bbox 109 1195 872 1274; baseline 0.008 -21"><span class='ocrx_word' id='word_1_36' title='bbox 109 1196 265 1272; x_wconf 74' lang='lat' dir='ltr'>Maiestas,</span> <span class='ocrx_word' id='word_1_37' title='bbox 285 1195 419 1273; x_wconf 90' lang='lat' dir='ltr'>tantique</span> <span class='ocrx_word' id='word_1_38' title='bbox 440 1196 524 1258; x_wconf 90' lang='lat' dir='ltr'>ducis</span> <span class='ocrx_word' id='word_1_39' title='bbox 544 1197 718 1274; x_wconf 90' lang='lat' dir='ltr'>reverentia,</span> <span class='ocrx_word' id='word_1_40' title='bbox 739 1207 872 1259; x_wconf 87' lang='lat' dir='ltr'>mentem</span> 
     </span>
    </p>

    <p class='ocr_par' dir='ltr' id='par_1_7' title="bbox 109 1316 1006 1398">
     <span class='ocr_line' id='line_1_8' title="bbox 109 1316 1006 1398; baseline 0.004 -22"><span class='ocrx_word' id='word_1_41' title='bbox 109 1316 240 1378; x_wconf 86' lang='lat' dir='ltr'>Perculit</span> <span class='ocrx_word' id='word_1_42' title='bbox 260 1317 435 1379; x_wconf 85' lang='lat' dir='ltr'>attonitam:</span> <span class='ocrx_word' id='word_1_43' title='bbox 452 1319 576 1396; x_wconf 89' lang='lat' dir='ltr'>jamque</span> <span class='ocrx_word' id='word_1_44' title='bbox 595 1318 728 1398; x_wconf 88' lang='lat' dir='ltr'>ingemit,</span> <span class='ocrx_word' id='word_1_45' title='bbox 748 1321 841 1381; x_wconf 80' lang='lat' dir='ltr'>Ecce!</span> <span class='ocrx_word' id='word_1_46' title='bbox 862 1320 1006 1396; x_wconf 70' lang='lat' dir='ltr'>Gigantes,</span> 
     </span>
    </p>

    <p class='ocr_par' dir='ltr' id='par_1_8' title="bbox 108 1440 1090 1522">
     <span class='ocr_line' id='line_1_9' title="bbox 108 1440 1090 1522; baseline 0.006 -24"><span class='ocrx_word' id='word_1_47' title='bbox 108 1440 182 1500; x_wconf 80' lang='lat' dir='ltr'>Ecce</span> <span class='ocrx_word' id='word_1_48' title='bbox 199 1440 318 1501; x_wconf 77' lang='lat' dir='ltr'>Deam!</span> <span class='ocrx_word' id='word_1_49' title='bbox 354 1443 433 1500; x_wconf 89' lang='lat' dir='ltr'>Turn</span> <span class='ocrx_word' id='word_1_50' title='bbox 453 1461 522 1520; x_wconf 89' lang='lat' dir='ltr'>pars</span> <span class='ocrx_word' id='word_1_51' title='bbox 542 1454 651 1504; x_wconf 89' lang='lat' dir='ltr'>moesto</span> <span class='ocrx_word' id='word_1_52' title='bbox 672 1445 797 1504; x_wconf 90' lang='lat' dir='ltr'>fremere</span> <span class='ocrx_word' id='word_1_53' title='bbox 817 1441 955 1521; x_wconf 91' lang='lat' dir='ltr'>improba</span> <span class='ocrx_word' id='word_1_54' title='bbox 976 1455 1090 1522; x_wconf 90' lang='lat' dir='ltr'>questu,</span> 
     </span>
    </p>
   </div>
   <div class='ocr_carea' id='block_1_3' title="bbox 109 1562 954 1641">
    <p class='ocr_par' dir='ltr' id='par_1_9' title="bbox 109 1562 954 1641">
     <span class='ocr_line' id='line_1_10' title="bbox 109 1562 954 1641; baseline 0.008 -22"><span class='ocrx_word' id='word_1_55' title='bbox 109 1562 181 1620; x_wconf 89' lang='lat' dir='ltr'>Pars</span> <span class='ocrx_word' id='word_1_56' title='bbox 203 1579 317 1620; x_wconf 91' lang='lat' dir='ltr'>sursum</span> <span class='ocrx_word' id='word_1_57' title='bbox 337 1563 490 1638; x_wconf 83' lang='lat' dir='ltr'>exsultare,</span> <span class='ocrx_word' id='word_1_58' title='bbox 513 1574 602 1641; x_wconf 91' lang='lat' dir='ltr'>atque</span> <span class='ocrx_word' id='word_1_59' title='bbox 623 1565 789 1626; x_wconf 87' lang='lat' dir='ltr'>exclamare</span> <span class='ocrx_word' id='word_1_60' title='bbox 809 1566 954 1640; x_wconf 88' lang='lat' dir='ltr'>furentes;</span> 
     </span>
    </p>
   </div>
   <div class='ocr_carea' id='block_1_4' title="bbox 108 1682 966 1889">
    <p class='ocr_par' dir='ltr' id='par_1_10' title="bbox 108 1682 966 1889">
     <span class='ocr_line' id='line_1_11' title="bbox 109 1682 966 1764; baseline 0.008 -22"><span class='ocrx_word' id='word_1_61' title='bbox 109 1682 155 1743; x_wconf 91' lang='lat' dir='ltr'>Hi</span> <span class='ocrx_word' id='word_1_62' title='bbox 174 1685 347 1762; x_wconf 82' lang='lat' dir='ltr'>lacrymant,</span> <span class='ocrx_word' id='word_1_63' title='bbox 367 1686 512 1764; x_wconf 90' lang='lat' dir='ltr'>plangunt</span> <span class='ocrx_word' id='word_1_64' title='bbox 532 1687 583 1763; x_wconf 92' lang='lat' dir='ltr'>illi,</span> <span class='ocrx_word' id='word_1_65' title='bbox 605 1699 783 1750; x_wconf 88' lang='lat' dir='ltr'>venerantur</span> <span class='ocrx_word' id='word_1_66' title='bbox 802 1699 833 1750; x_wconf 88' lang='lat' dir='ltr'>at</span> <span class='ocrx_word' id='word_1_67' title='bbox 854 1708 966 1751; x_wconf 90' lang='lat' dir='ltr'>omnes.</span> 
     </span>
     <span class='ocr_line' id='line_1_12' title="bbox 108 1803 780 1889; baseline 0.009 -25"><span class='ocrx_word' id='word_1_68' title='bbox 108 1807 150 1865; x_wconf 88' lang='lat' dir='ltr'>At</span> <span class='ocrx_word' id='word_1_69' title='bbox 170 1803 289 1882; x_wconf 89' lang='lat' dir='ltr'>Regina</span> <span class='ocrx_word' id='word_1_70' title='bbox 308 1805 383 1884; x_wconf 90' lang='lat' dir='ltr'>nigri</span> <span class='ocrx_word' id='word_1_71' title='bbox 403 1808 511 1868; x_wconf 90' lang='lat' dir='ltr'>tollens</span> <span class='ocrx_word' id='word_1_72' title='bbox 531 1809 679 1870; x_wconf 91' lang='lat' dir='ltr'>velamina</span> <span class='ocrx_word' id='word_1_73' title='bbox 698 1811 780 1889; x_wconf 89' lang='lat' dir='ltr'>pepli</span> 
     </span>
    </p>
   </div>
   <div class='ocr_carea' id='block_1_5' title="bbox 109 1929 1112 2132">
    <p class='ocr_par' dir='ltr' id='par_1_11' title="bbox 109 1929 1112 2132">
     <span class='ocr_line' id='line_1_13' title="bbox 110 1929 1112 2010; baseline 0.009 -22"><span class='ocrx_word' id='word_1_74' title='bbox 110 1929 320 2004; x_wconf 87' lang='lat' dir='ltr'>Pallentesque</span> <span class='ocrx_word' id='word_1_75' title='bbox 339 1948 440 2006; x_wconf 88' lang='lat' dir='ltr'>genas,</span> <span class='ocrx_word' id='word_1_76' title='bbox 461 1951 607 2010; x_wconf 85' lang='lat' dir='ltr'>rugasque</span> <span class='ocrx_word' id='word_1_77' title='bbox 627 1933 658 1993; x_wconf 92' lang='lat' dir='ltr'>in</span> <span class='ocrx_word' id='word_1_78' title='bbox 679 1936 775 1995; x_wconf 83' lang='lat' dir='ltr'>fronte</span> <span class='ocrx_word' id='word_1_79' title='bbox 795 1935 909 2010; x_wconf 84' lang='lat' dir='ltr'>retexit,</span> <span class='ocrx_word' id='word_1_80' title='bbox 1057 1959 1112 1997; x_wconf 92' lang='lat'>110</span> 
     </span>
     <span class='ocr_line' id='line_1_14' title="bbox 109 2047 920 2132; baseline 0.01 -24"><span class='ocrx_word' id='word_1_81' title='bbox 109 2051 216 2110; x_wconf 86' lang='lat' dir='ltr'>Tenue</span> <span class='ocrx_word' id='word_1_82' title='bbox 237 2047 425 2126; x_wconf 87' lang='lat' dir='ltr'>supercilium</span> <span class='ocrx_word' id='word_1_83' title='bbox 445 2053 585 2129; x_wconf 90' lang='lat' dir='ltr'>prodens,</span> <span class='ocrx_word' id='word_1_84' title='bbox 608 2055 770 2132; x_wconf 90' lang='lat' dir='ltr'>oculosque</span> <span class='ocrx_word' id='word_1_85' title='bbox 791 2067 920 2118; x_wconf 88' lang='lat' dir='ltr'>cavatos.</span> 
     </span>
    </p>
   </div>
   <div class='ocr_carea' id='block_1_6' title="bbox 108 2304 960 3245">
    <p class='ocr_par' dir='ltr' id='par_1_12' title="bbox 108 2304 960 2998">
     <span class='ocr_line' id='line_1_15' title="bbox 170 2304 915 2385; baseline -0.001 -18"><span class='ocrx_word' id='word_1_86' title='bbox 170 2308 246 2367; x_wconf 89' lang='lat' dir='ltr'>Sunt</span> <span class='ocrx_word' id='word_1_87' title='bbox 265 2318 475 2368; x_wconf 88' lang='lat' dir='ltr'>montanorum</span> <span class='ocrx_word' id='word_1_88' title='bbox 495 2307 558 2368; x_wconf 86' lang='lat' dir='ltr'>fera</span> <span class='ocrx_word' id='word_1_89' title='bbox 578 2325 727 2366; x_wconf 91' lang='lat' dir='ltr'>murmura</span> <span class='ocrx_word' id='word_1_90' title='bbox 745 2304 915 2385; x_wconf 89' lang='lat' dir='ltr'>pinetorum</span> 
     </span>
     <span class='ocr_line' id='line_1_16' title="bbox 109 2428 950 2506; baseline -0.001 -16"><span class='ocrx_word' id='word_1_91' title='bbox 109 2431 188 2490; x_wconf 92' lang='lat' dir='ltr'>Cum</span> <span class='ocrx_word' id='word_1_92' title='bbox 210 2448 316 2490; x_wconf 90' lang='lat' dir='ltr'>vocem</span> <span class='ocrx_word' id='word_1_93' title='bbox 336 2429 492 2490; x_wconf 92' lang='lat' dir='ltr'>contendit</span> <span class='ocrx_word' id='word_1_94' title='bbox 512 2429 630 2506; x_wconf 83' lang='lat' dir='ltr'>hyems3</span> <span class='ocrx_word' id='word_1_95' title='bbox 651 2439 719 2490; x_wconf 92' lang='lat' dir='ltr'>sunt</span> <span class='ocrx_word' id='word_1_96' title='bbox 740 2439 770 2490; x_wconf 92' lang='lat' dir='ltr'>et</span> <span class='ocrx_word' id='word_1_97' title='bbox 791 2448 845 2489; x_wconf 91' lang='lat' dir='ltr'>sua</span> <span class='ocrx_word' id='word_1_98' title='bbox 865 2428 950 2489; x_wconf 89' lang='lat' dir='ltr'>Divis</span> 
     </span>
     <span class='ocr_line' id='line_1_17' title="bbox 109 2551 960 2631; baseline -0.002 -17"><span class='ocrx_word' id='word_1_99' title='bbox 109 2551 203 2614; x_wconf 90' lang='lat' dir='ltr'>Sibila</span> <span class='ocrx_word' id='word_1_100' title='bbox 223 2571 292 2612; x_wconf 90' lang='lat' dir='ltr'>cum</span> <span class='ocrx_word' id='word_1_101' title='bbox 313 2553 406 2631; x_wconf 90' lang='lat' dir='ltr'>digito</span> <span class='ocrx_word' id='word_1_102' title='bbox 427 2556 511 2614; x_wconf 90' lang='lat' dir='ltr'>Deus</span> <span class='ocrx_word' id='word_1_103' title='bbox 532 2553 676 2613; x_wconf 91' lang='lat' dir='ltr'>admonet</span> <span class='ocrx_word' id='word_1_104' title='bbox 695 2551 795 2613; x_wconf 91' lang='lat' dir='ltr'>indice</span> <span class='ocrx_word' id='word_1_105' title='bbox 817 2563 960 2629; x_wconf 88' lang='lat' dir='ltr'>quantum</span> 
     </span>
     <span class='ocr_line' id='line_1_18' title="bbox 110 2673 849 2754; baseline -0.004 -18"><span class='ocrx_word' id='word_1_106' title='bbox 110 2676 226 2738; x_wconf 91' lang='lat' dir='ltr'>Mentis</span> <span class='ocrx_word' id='word_1_107' title='bbox 245 2676 424 2754; x_wconf 87' lang='lat' dir='ltr'>inexpressae</span> <span class='ocrx_word' id='word_1_108' title='bbox 445 2675 565 2736; x_wconf 90' lang='lat' dir='ltr'>molitur</span> <span class='ocrx_word' id='word_1_109' title='bbox 584 2685 701 2753; x_wconf 85' lang='lat' dir='ltr'>gutture</span> <span class='ocrx_word' id='word_1_110' title='bbox 721 2673 849 2751; x_wconf 90' lang='lat' dir='ltr'>pondus,</span> 
     </span>
     <span class='ocr_line' id='line_1_19' title="bbox 109 2795 924 2874; baseline -0.001 -16"><span class='ocrx_word' id='word_1_111' title='bbox 109 2798 204 2874; x_wconf 91' lang='lat' dir='ltr'>Quod</span> <span class='ocrx_word' id='word_1_112' title='bbox 225 2800 329 2874; x_wconf 89' lang='lat' dir='ltr'>melos,</span> <span class='ocrx_word' id='word_1_113' title='bbox 352 2809 382 2860; x_wconf 93' lang='lat' dir='ltr'>et</span> <span class='ocrx_word' id='word_1_114' title='bbox 401 2801 503 2872; x_wconf 89' lang='lat' dir='ltr'>fastus,</span> <span class='ocrx_word' id='word_1_115' title='bbox 525 2797 643 2874; x_wconf 90' lang='lat' dir='ltr'>orisque</span> <span class='ocrx_word' id='word_1_116' title='bbox 662 2795 792 2858; x_wconf 86' lang='lat' dir='ltr'>tonitrua</span> <span class='ocrx_word' id='word_1_117' title='bbox 811 2796 924 2858; x_wconf 69' lang='lat' dir='ltr'>nectit:</span> 
     </span>
     <span class='ocr_line' id='line_1_20' title="bbox 108 2919 839 2998; baseline -0.007 -14"><span class='ocrx_word' id='word_1_118' title='bbox 108 2923 196 2984; x_wconf 90' lang='lat' dir='ltr'>Talia</span> <span class='ocrx_word' id='word_1_119' title='bbox 216 2922 366 2983; x_wconf 86' lang='lat' dir='ltr'>montanis</span> <span class='ocrx_word' id='word_1_120' title='bbox 387 2942 440 2983; x_wconf 91' lang='lat' dir='ltr'>sua</span> <span class='ocrx_word' id='word_1_121' title='bbox 459 2940 608 2982; x_wconf 87' lang='lat' dir='ltr'>murmura</span> <span class='ocrx_word' id='word_1_122' title='bbox 628 2931 696 2981; x_wconf 90' lang='lat' dir='ltr'>sunt</span> <span class='ocrx_word' id='word_1_123' title='bbox 715 2919 839 2998; x_wconf 91' lang='lat' dir='ltr'>pinetis;</span> 
     </span>
    </p>

    <p class='ocr_par' dir='ltr' id='par_1_13' title="bbox 109 3041 875 3245">
     <span class='ocr_line' id='line_1_21' title="bbox 109 3041 827 3122; baseline -0.007 -16"><span class='ocrx_word' id='word_1_124' title='bbox 109 3047 187 3122; x_wconf 87' lang='lat' dir='ltr'>Quae</span> <span class='ocrx_word' id='word_1_125' title='bbox 208 3065 277 3106; x_wconf 90' lang='lat' dir='ltr'>curn</span> <span class='ocrx_word' id='word_1_126' title='bbox 298 3045 416 3106; x_wconf 90' lang='lat' dir='ltr'>clivosis</span> <span class='ocrx_word' id='word_1_127' title='bbox 437 3065 552 3107; x_wconf 91' lang='lat' dir='ltr'>cessere</span> <span class='ocrx_word' id='word_1_128' title='bbox 572 3043 726 3122; x_wconf 88' lang='lat' dir='ltr'>reciproca</span> <span class='ocrx_word' id='word_1_129' title='bbox 745 3041 827 3102; x_wconf 91' lang='lat' dir='ltr'>terris</span> 
     </span>
     <span class='ocr_line' id='line_1_22' title="bbox 109 3161 875 3245; baseline -0.003 -17"><span class='ocrx_word' id='word_1_130' title='bbox 109 3171 183 3230; x_wconf 94' lang='lat' dir='ltr'>Non</span> <span class='ocrx_word' id='word_1_131' title='bbox 204 3167 254 3228; x_wconf 90' lang='lat' dir='ltr'>alii</span> <span class='ocrx_word' id='word_1_132' title='bbox 275 3170 402 3229; x_wconf 90' lang='lat' dir='ltr'>subeunt</span> <span class='ocrx_word' id='word_1_133' title='bbox 423 3166 577 3245; x_wconf 89' lang='lat' dir='ltr'>strepitus;</span> <span class='ocrx_word' id='word_1_134' title='bbox 598 3165 651 3226; x_wconf 90' lang='lat' dir='ltr'>sed</span> <span class='ocrx_word' id='word_1_135' title='bbox 671 3161 778 3226; x_wconf 89' lang='lat' dir='ltr'>flebilis</span> <span class='ocrx_word' id='word_1_136' title='bbox 799 3163 875 3226; x_wconf 89' lang='lat' dir='ltr'>echo</span> 
     </span>
    </p>
   </div>
   <div class='ocr_carea' id='block_1_7' title="bbox 109 3292 1112 3374">
    <p class='ocr_par' dir='ltr' id='par_1_14' title="bbox 109 3292 1112 3374">
     <span class='ocr_line' id='line_1_23' title="bbox 109 3292 1112 3374; baseline -0.005 -17"><span class='ocrx_word' id='word_1_137' title='bbox 109 3298 194 3358; x_wconf 91' lang='lat' dir='ltr'>Inter</span> <span class='ocrx_word' id='word_1_138' title='bbox 215 3296 369 3374; x_wconf 88' lang='lat' dir='ltr'>delapsam</span> <span class='ocrx_word' id='word_1_139' title='bbox 390 3295 469 3358; x_wconf 91' lang='lat' dir='ltr'>siluit</span> <span class='ocrx_word' id='word_1_140' title='bbox 490 3315 559 3357; x_wconf 90' lang='lat' dir='ltr'>cum</span> <span class='ocrx_word' id='word_1_141' title='bbox 580 3292 702 3355; x_wconf 85' lang='lat' dir='ltr'>stridula</span> <span class='ocrx_word' id='word_1_142' title='bbox 721 3302 849 3371; x_wconf 89' lang='lat' dir='ltr'>gentem,</span> <span class='ocrx_word' id='word_1_143' title='bbox 983 3353 987 3362; x_wconf 82' lang='grc'><em>,</em></span> <span class='ocrx_word' id='word_1_144' title='bbox 1057 3315 1112 3352; x_wconf 89' lang='lat'>120</span> 
     </span>
    </p>
   </div>
   <div class='ocr_carea' id='block_1_8' title="bbox 0 0 1354 3930">
    <p class='ocr_par' dir='ltr' id='par_1_15' title="bbox 0 0 1354 3930">
     <span class='ocr_line' id='line_1_24' title="bbox 0 0 1354 3930; baseline 0 0"><span class='ocrx_word' id='word_1_145' title='bbox 0 0 1354 3930; x_wconf 95' lang='lat' dir='ltr'> </span> 
     </span>
    </p>
   </div>
  </div>
 </body>
</html>
