2694 3930
500 427 534 477 H
536 425 705 476 YPERION.

100 607 238 668 Numinis
258 627 367 670 occasu
378 629 387 684 3
408 607 598 687 gelidumque
619 609 736 670 arrecta
755 609 869 672 labellis

99 733 195 794 Altius
215 735 363 811 impressit
383 733 506 812 digitum
527 735 582 794 sub
603 733 746 794 arundine
768 734 868 794 Naias.

161 857 329 931 Hactenus,
350 857 476 918 errando
497 867 640 934 quantum
660 867 843 934 processerat
863 857 936 936 ipse,

101 978 233 1039 Grandia
252 980 392 1057 pulvereo
412 979 536 1059 vestigia
555 979 686 1059 margine
707 981 833 1042 tendunt
843 1003 853 1056 3

100 1103 140 1161 Et
159 1113 317 1180 composta
336 1115 466 1165 manent
510 1107 576 1165 En!
603 1104 685 1184 segni
706 1104 737 1164 in
758 1103 869 1181 cespite
890 1103 1023 1164 dextram

100 1227 248 1286 Enervem
268 1226 495 1306 exanimumque
516 1228 603 1302 senis,
625 1239 801 1306 sceptroque
822 1239 993 1303 carentem3

100 1347 241 1424 Orbaque
263 1348 365 1409 divino
385 1350 563 1410 clauduntur
581 1349 694 1410 lumina
713 1369 812 1428 regno.

100 1469 331 1548 Demissumque
351 1482 441 1550 caput
461 1473 611 1533 Tellurem
631 1491 754 1551 poscere
775 1471 871 1532 visum
1068 1489 1104 1530 20

101 1595 369 1672 Quantulacunque
389 1605 491 1656 tamen
511 1596 642 1656 vetulam
663 1596 769 1656 solatia
788 1605 921 1655 matrem.

162 1717 238 1792 Quae
258 1718 351 1778 modo
371 1717 416 1778 vis
436 1728 527 1778 tantae
548 1718 699 1779 labentem
719 1718 852 1796 pondere
873 1737 951 1778 curae

99 1837 236 1899 Excitetl
275 1838 418 1913 Accessit,
440 1841 615 1918 Regemque
636 1840 777 1901 decenter
796 1840 924 1901 adorans

99 1966 320 2035 Immemorem,
342 1963 462 2023 dorsum
484 1966 552 2023 Dea
571 1963 695 2042 contigit
715 1983 776 2023 una
796 1982 936 2038 suorum3

100 2084 264 2164 Splendida
282 2087 344 2162 jam
365 2087 459 2146 teneri
479 2086 583 2146 mundi
604 2088 680 2159 Dea,
700 2085 831 2146 maxima
850 2087 934 2164 cujus

99 2210 150 2270 Ad
170 2211 246 2270 latus
266 2208 401 2270 imbelles
421 2209 550 2288 pumilos
570 2219 700 2286 aequaret
719 2211 856 2269 Amazon
865 2231 875 2284 3

100 2331 177 2406 Quae
198 2329 278 2390 crine
298 2331 405 2408 arrepti
426 2331 535 2390 collum
556 2327 720 2389 incurvaret
740 2330 874 2404 Achillis,

99 2457 162 2513 Aut
183 2451 332 2513 Ixionium
354 2451 446 2530 digito
467 2452 660 2530 suspenderet
680 2453 792 2514 orbem.

101 2823 178 2881 Lata
199 2823 274 2883 Deae
295 2823 394 2897 facies,
416 2823 617 2901 Memphitide
638 2820 733 2899 qualis
753 2821 784 2880 in
805 2821 873 2882 aula

99 2943 240 3024 Sphingis
260 2944 292 3005 in
311 2945 449 3006 immensi
469 2946 650 3024 quandoque
671 2943 823 3022 crepidine
844 2942 916 3016 saxi,
1068 2962 1106 3018 30

100 3068 180 3128 Cum
200 3075 285 3126 vetus
305 3067 469 3146 AEgyptum
489 3065 581 3126 coluit
601 3065 740 3125 doctrina
760 3062 935 3142 magistram.

98 3187 167 3247 Ah!
194 3197 338 3264 quantum
359 3207 431 3248 saxo
452 3188 543 3248 facies
565 3187 680 3248 diversa
691 3210 700 3264 3
727 3199 866 3250 venustas
