2694 3930
503 385 708 436 HYPERIOM
1070 392 1087 446 3
1091 409 1107 464 3

164 565 256 641 Dixit,
279 576 309 626 at
330 565 481 643 extemplo
503 565 589 627 Divae
609 567 757 629 convertit
777 570 808 629 in
829 588 881 630 ora
1071 576 1110 629 80

101 688 231 749 Lumina
250 689 435 766 respondens
454 688 589 751 innubila
609 709 727 769 semper
746 692 858 770 Apollo
867 715 877 767 3

101 815 141 872 Et
162 811 264 872 micuit
284 813 417 875 candens
437 831 596 873 numerosa
617 814 655 875 ad
676 833 826 876 murmura
845 826 960 894 guttur:

162 935 355 1011 Mnemosyne,
374 936 510 1012 quonium
530 937 635 1012 lc'rcguce
653 939 797 996 succurrit
813 939 924 998 hiantis

99 1057 214 1116 Nomen
233 1064 328 1132 spome
345 1063 437 1129 tuum,
456 1074 510 1114 cur
528 1056 623 1114 lullus
633 1057 703 1131 jone
724 1059 778 1116 tibi
795 1066 872 1117 notos

105 1181 330 1240 Commemorure
340 1180 426 1256 piger
443 1179 593 1238 studeam?
618 1197 672 1238 cur
679 1180 752 1256 soto
772 1181 906 1256 nesiorum

105 1303 179 1378 Quae
190 1302 311 1378 prodire
327 1302 387 1360 tuis
399 1307 537 1376 poterant
554 1301 706 1377 manifesto
726 1303 856 1362 labellis?

99 1427 155 1484 Me
174 1444 239 1484 uero
259 1425 417 1499 impediunt
433 1423 556 1496 tenebre,
577 1441 638 1482 mea
657 1423 771 1482 lumina
791 1443 892 1482 cucus-

98 1547 209 1619 Error,
229 1553 257 1602 et
274 1544 400 1620 indignis
421 1549 520 1620 urgent
536 1543 643 1602 obliuia
663 1543 771 1602 oznclis.

105 1671 171 1730 Cur
187 1670 243 1728 sinc
264 1669 333 1726 adeo
352 1667 444 1726 tristis
454 1667 578 1743 frustra
599 1666 701 1724 rescire
717 1667 823 1740 laboro,

99 1794 201 1852 Donec
219 1798 316 1867 torpor
334 1790 411 1848 iners
429 1796 514 1848 ortus
534 1789 657 1862 inuadit,
676 1788 819 1863 etheron,

108 1917 150 1974 Ut
167 1915 221 1991 qui
238 1913 306 1972 olim
318 1921 432 1988 pennos
450 1912 562 1986 habuit,
581 1929 645 1970 cum
666 1929 817 1970 murmure
833 1912 901 1972 silo.

99 2041 194 2099 Heus
215 2038 320 2115 quibus
339 2038 465 2114 imperiis
483 2038 548 2114 cogi,
566 2056 692 2114 quntum
711 2037 795 2114 objice
811 2038 878 2096 sisti

99 2165 169 2239 Ipse
187 2162 262 2220 milii
280 2162 384 2234 uidcor,
403 2180 484 2236 quem
504 2161 583 2220 nulli
599 2161 731 2220 subditus
750 2169 804 2220 oe'r

106 2289 192 2348 Ultro
211 2287 389 2346 escendentem
401 2285 541 2361 potitur?
567 2304 621 2344 cur
637 2286 745 2362 cespites
764 2305 855 2359 oram,

101 2412 214 2472 Scilicet
231 2411 365 2484 inuisam,
385 2409 476 2468 nitens
495 2408 539 2467 oo'
554 2426 669 2488 summo
689 2409 808 2483 rotello?

100 2538 148 2594 At
164 2543 205 2608 tu,
225 2535 312 2593 Dino
321 2533 439 2608 faunu,
460 2550 523 2608 quoe
542 2549 639 2590 rerum
660 2531 799 2607 incognito
819 2539 952 2608 monstro,

100 2657 198 2732 Atque
218 2656 291 2714 olios
310 2652 421 2712 trullus
440 2659 611 2727 externoque
628 2652 715 2710 litora
728 2653 850 2728 ponde!

100 2782 206 2841 Silero
225 2780 272 2839 dic
289 2797 352 2854 qun
371 2777 438 2850 sint,
457 2783 485 2836 ct
502 2775 561 2850 Sol,
581 2793 670 2851 quom
690 2775 854 2852 splendidus
874 2776 989 2836 ordor!

101 2905 149 2962 Et
165 2910 274 2979 suuper
283 2899 408 2978 placide
427 2900 509 2958 dcem
528 2897 692 2958 inuiolabile
708 2897 824 2968 Lumo,-

106 3027 162 3086 Tot
178 3025 263 3084 stelle
282 3023 445 3100 tantoque!
485 3021 512 3082 O
532 3021 561 3080 si
577 3020 664 3080 semel
680 3020 768 3078 unius
787 3020 865 3078 ostri
1056 3042 1112 3078 100

102 3149 296 3226 Explororem
316 3147 422 3219 aditus,
441 3151 469 3204 et
478 3145 588 3221 pulcro
607 3142 652 3202 od
666 3141 772 3200 limina
791 3147 898 3215 venor,

106 3271 183 3331 Cum
202 3271 315 3332 citleora
335 3270 451 3347 illabor,
462 3271 634 3350 faciamque
651 3271 782 3332 colescere
801 3276 895 3343 contu,
