2694 3930
498 427 533 475 H
534 425 648 475 YPERI
646 425 702 481 ΟΝ.

99 615 169 674 Nox
188 612 241 673 ubi
262 611 420 673 confundit
440 632 570 674 summas
590 613 717 692 ealigine
737 611 832 691 pinus.

96 739 196 814 Atque
218 737 278 812 atii,
299 754 425 815 quorum
446 749 503 799 stat
523 740 647 800 nomina
667 758 777 816 magna
796 749 913 799 tacere:

98 861 187 934 Nam,
207 879 278 919 cum
300 861 390 921 Musa
410 878 477 921 suas
498 861 642 939 expandit
662 862 701 922 ad
721 861 832 923 aethera
851 880 976 939 pennas,

98 980 210 1058 Ecquis
231 979 287 1042 iter
306 980 410 1042 sistat?
451 984 542 1059 Juvat
561 982 613 1057 ire,
634 994 664 1044 et
684 985 824 1062 plangere
845 995 936 1044 cantu

97 1104 177 1164 Cum
199 1103 275 1163 duce
296 1105 462 1178 Saturnum,
485 1103 535 1181 qui
555 1123 636 1166 nunc
656 1124 710 1183 per
729 1105 843 1168 lubrica
862 1106 938 1185 lapsi
1061 1112 1099 1167 80

97 1227 276 1288 Horridiore
296 1229 400 1306 procul
419 1228 513 1289 fundo
534 1247 662 1303 evasere,
683 1240 832 1308 caputque

98 1351 268 1413 Ostendere
289 1369 377 1428 super
396 1350 538 1429 nigrantis
559 1351 689 1412 culmina
709 1353 776 1412 clivi
781 1373 791 1427 ;

96 1478 177 1536 Tum
199 1494 313 1535 sursum
334 1474 433 1537 evetti
452 1495 579 1551 crevere,
600 1475 733 1554 ingentia
752 1476 851 1538 donec

97 1601 261 1662 Inveniunt
282 1620 399 1664 summo
419 1601 543 1682 vestigia
562 1612 664 1665 monte
685 1604 831 1665 levamen.

96 1725 139 1782 At
159 1722 247 1782 Thea
267 1721 399 1785 infirmos
421 1724 523 1784 dextra
543 1725 676 1800 laevaque
697 1724 824 1783 lacertos

96 1845 175 1906 Sede
196 1845 404 1923 superruens
424 1847 607 1907 extremain
628 1856 713 1909 caute
734 1835 880 1922 tetendit;

98 1969 138 2027 Et
158 1967 238 2028 senis
259 1967 382 2044 obliquo
404 1967 507 2028 defixit
526 1967 638 2029 lumine
659 1969 781 2029 vultum.

96 2089 214 2149 Bellum
234 2087 294 2149 illic
314 2089 487 2166 rabiesque3
515 2061 615 2150 Deum
635 2107 707 2149 nam
727 2089 873 2152 maximus
893 2090 958 2169 ipse

95 2215 252 2272 AErumnae
273 2211 413 2274 dirimens
434 2213 532 2274 studia
551 2212 701 2286 imbecilla
721 2213 838 2288 resistit,

96 2337 272 2412 Irarumque
292 2346 463 2414 metusque5
483 2347 514 2397 et
535 2357 610 2414 quos
630 2337 766 2398 vinditta
786 2340 906 2412 furores,
1062 2361 1100 2414 90

95 2461 278 2536 Livoresque
298 2460 376 2534 mali,
399 2460 636 2538 desideriumque
656 2461 799 2538 minatur;

96 2587 136 2643 Et
157 2603 227 2661 quae
247 2603 315 2662 spes
335 2585 412 2662 rapit
431 2605 523 2660 arma,
545 2596 576 2646 et
597 2586 753 2665 desperata
773 2590 922 2648 renattat.

96 2711 215 2786 Pugnat
236 2716 266 2767 et
286 2706 332 2766 his
352 2709 458 2767 frustra
463 2729 472 2782 3
492 2727 622 2785 namque
643 2707 792 2769 exitiabile
812 2710 905 2770 fatum

95 2828 258 2906 Imperiale
278 2838 369 2906 caput
388 2828 543 2890 vitiaverat
562 2830 693 2908 unguine
714 2805 787 2892 dire.

95 2954 198 3028 Quare
218 2950 315 3011 fratta
334 2961 417 3012 metu
438 2954 506 3013 Dea
525 2953 664 3029 substitit,
686 2964 776 3032 atque
796 2954 914 3032 negavit

95 3080 145 3137 Ire
165 3075 256 3153 prior,
276 3075 423 3153 cessitque
443 3078 522 3152 loco,
543 3075 757 3156 dominumque
778 3088 880 3140 secuta
899 3091 944 3139 est

96 3198 296 3264 Incedentem
316 3198 392 3258 ultra
413 3197 541 3273 dejecta
561 3197 657 3276 gentis
676 3196 708 3258 in
729 3208 822 3260 antro.

158 3322 263 3397 thue
283 3318 421 3388 homines
441 3319 613 3382 intercutis
633 3339 686 3389 cor
705 3322 798 3383 fervet
818 3331 958 3385 onustum
