2694 3930
519 428 552 478 H
554 426 721 476 YPERION.

121 611 229 670 Scilicet
245 610 294 668 la's
321 609 436 669 Umbra
453 609 599 682 thalamis,
618 609 669 667 leae
687 625 772 684 regna
791 615 936 682 capessunt

119 733 243 806 Limine,
262 739 290 792 et
307 733 489 808 exstinguunt
497 731 607 807 saslns,
628 738 654 789 et
672 730 774 788 inania
794 730 888 788 rident

124 853 254 926 Gaudia,
274 871 370 928 mnne
387 853 455 910 meis
471 852 555 910 etiam
576 852 607 909 in
619 851 812 926 penetralibus
831 857 941 926 angant
947 854 962 911 l

119 975 220 1055 Haece
229 974 351 1048 seram?
371 975 539 1049 jaceamnet
560 982 618 1049 per
639 973 666 1032 O
686 981 738 1031 tua
758 974 880 1032 numism
891 975 973 1049 jura,
1061 994 1116 1032 220

123 1097 314 1173 Omniparens
337 1098 438 1183 Tellus,
457 1098 537 1154 salsa
555 1096 720 1171 circumflua
740 1100 833 1157 vestel

120 1220 188 1295 Ipse
207 1238 279 1277 necas
288 1217 365 1293 fines
383 1225 521 1291 superans
540 1223 567 1274 et
575 1217 716 1292 flammea
735 1218 869 1292 claustra,

124 1341 286 1399 Terribilem
299 1340 382 1412 ,lianc
398 1339 529 1397 dextram
541 1346 640 1413 putre,
653 1339 731 1414 proli
743 1338 839 1414 salal
866 1341 990 1400 Tonanti

120 1463 280 1534 Innatam,
302 1461 480 1536 vetnlnmqne
496 1479 552 1519 sna
572 1479 637 1519 nean
656 1480 720 1520 arce
738 1465 893 1538 reponam!

181 1834 264 1896 Dixit
284 1845 314 1895 et
335 1833 467 1907 obticuit,
486 1834 608 1894 volvens
628 1832 761 1910 graviora
781 1831 925 1893 minarum

120 1958 283 2030 Murmura,
304 1966 334 2016 et
354 1956 385 2015 in
405 1958 506 2036 clauso
526 1955 654 2016 nitentes
673 1966 789 2032 gutture
811 1966 937 2031 questus

120 2080 267 2154 Namque,
288 2087 321 2136 ut
341 2076 478 2137 clamosis
498 2076 651 2136 hominum
673 2075 851 2152 quandoque
872 2073 991 2136 theatris

118 2202 237 2259 AEstuat
257 2196 432 2274 increpitum
452 2199 563 2275 vulguS,
583 2199 735 2273 turbaeque
755 2196 893 2258 resistunt
902 2219 911 2271 3

118 2322 166 2382 Sic
188 2322 281 2381 Ducis
302 2321 450 2381 advoces
471 2320 572 2398 agitari
592 2320 703 2398 pallida
723 2319 815 2380 crudo

117 2445 244 2523 Spectra
263 2447 330 2524 gelu
340 2469 348 2521 ;
374 2445 526 2525 nitidaque
547 2448 602 2508 soli
622 2447 654 2506 in
674 2467 817 2526 compage
838 2466 962 2524 vapores
1058 2466 1114 2522 230

116 2569 249 2644 Surgere,
272 2586 326 2628 ceu
347 2569 433 2628 foedis
455 2571 552 2630 efflata
571 2569 728 2646 paludibus
749 2588 825 2629 aura.

115 2693 196 2750 Tum
217 2691 326 2752 sensim
346 2712 365 2752 a
384 2692 510 2769 pedibus
534 2703 613 2754 totos
635 2712 717 2753 sacer
736 2693 839 2754 horror
857 2692 889 2752 in
910 2702 988 2752 anus

116 2814 245 2888 Diditur,
266 2826 299 2875 ut
318 2817 404 2877 lentis
424 2819 554 2894 irrepens
574 2817 698 2878 flexibus
719 2819 820 2894 anguis

115 2937 206 2999 Colla
224 2948 372 3015 caputque
393 2948 469 3000 teres
489 2940 582 3002 nimio
603 2943 766 3007 luctamine
787 2952 911 3019 torquet.

115 3062 193 3121 Mox
212 3059 310 3120 vincla
329 3071 434 3120 exutus
454 3072 554 3137 portas
571 3062 681 3123 'invasit
702 3067 789 3125 ans.

114 3182 191 3255 Illic,
212 3192 280 3242 ante
302 3180 365 3242 dies
386 3201 475 3258 quam
496 3183 671 3259 tempestiva
691 3186 816 3257 ruberet,

8 3337 11 3348 ·
114 3309 207 3366 Senas
227 3302 397 3382 praeripiens
417 3304 513 3379 horas,
534 3306 663 3366 fervente
685 3324 806 3382 soporas
