2694 3930
503 379 707 446 remmom

92 573 210 634 Suavis
230 573 283 632 ubi
301 578 401 633 ventus
419 573 519 631 nubem
539 573 689 649 spargebat
705 573 821 635 adaram

90 697 244 770 Flammas,
264 696 467 772 ambrosiaeque
485 714 561 772 vaga
580 696 724 756 dulcedine
740 699 837 774 sylva,

95 819 225 879 cauea
245 801 353 877 emm
363 817 472 893 sm,
492 823 594 876 mesa
612 819 758 878 contram
778 819 884 891 mente,-

96 941 126 1001 0
145 959 240 1018 quam
260 941 368 1001 blanda
386 939 484 1014 nimis,
504 939 637 1015 mollique
654 941 775 1000 calentia
785 941 935 1016 flammas

91 1072 167 1132 Nau
188 1071 261 1131 tedr‘t
277 1071 338 1147 ipse
354 1071 452 1130 dabar:
470 1076 533 1128 tum
552 1069 640 1129 letara
659 1068 721 1127 sola
740 1066 853 1125 disertis

93 1195 249 1270 Lubtibus,
267 1202 296 1255 et
311 1203 410 1256 uestra
430 1196 513 1254 volui
530 1212 636 1255 vexare
652 1189 793 1270 queram<

8 1339 10 1438 J
62 1365 66 1372 .
88 1320 224 1397 Jamque
242 1321 300 1380 sala
319 1320 458 1380 recubam
474 1320 614 1380 labiasam
633 1337 745 1378 sumere
763 1316 903 1410 certabam,

95 1441 143 1500 Et
161 1460 294 1502 mussare
303 1451 447 1518 permees,
466 1442 551 1502 melas
569 1447 598 1501 et
613 1442 725 1502 solenne
742 1439 818 1501 ciere.

94 1562 169 1622 Nan
182 1563 305 1638 pastbae
324 1565 407 1623 aulas
426 1564 505 1622 illud
519 1563 591 1635 erit,·
617 1582 686 1623 ream
706 1563 792 1623 debile
810 1568 883 1622 testa

94 1687 255 1761 Murmur,
274 1694 304 1746 et
319 1695 383 1747 arte
400 1688 485 1747 rudes
504 1686 636 1747 modulor
652 1686 723 1745 dum
740 1685 880 1761 languida
899 1693 1021 1761 questus,
1045 1690 1101 1745 260

96 1808 198 1868 Litore
214 1808 252 1869 ab
270 1809 397 1884 adversa,
416 1829 475 1886 qua
487 1809 624 1887 praenitet
640 1810 738 1868 insula
749 1807 843 1885 pareb',

96 1930 191 1990 Ecce!
213 1931 292 1990 uenit
309 1932 443 2008 maguus,
452 1932 553 2008 flabra
573 1932 714 2006 variante,
733 1949 883 2004 susurrus,

102 2055 168 2132 Qui
184 2055 278 2115 simul
292 2058 378 2117 elisas
397 2065 510 2132 mersat,
529 2058 623 2117 simul
638 2059 747 2135 arrigit
763 2076 858 2118 aures.

101 2179 235 2239 Turbida
247 2180 359 2257 projeci
375 2183 515 2256 canebam,
534 2200 623 2258 quam
634 2181 749 2257 fluibus
767 2183 927 2256 abundans,

105 2303 150 2363 Ut
166 2320 265 2361 sensus
283 2303 379 2362 animi
396 2322 452 2363 vax
471 2302 616 2377 intelleiba,
637 2304 759 2379 rplma,

97 2423 213 2497 Aurea,
222 2422 388 2499 summata,
407 2424 482 2483 Das
500 2444 557 2483 nan
575 2430 643 2483 ante
660 2431 777 2501 reperta.

104 2545 244 2607 Oumibus
264 2545 349 2622 inque
365 2546 431 2605 sani
445 2546 580 2605 scatebris
600 2565 675 2606 mars
694 2546 764 2605 uiua
783 2544 889 2619 resedit,

105 2665 246 2725 Omnibus
264 2666 297 2725 iu
315 2666 443 2725 numeres
462 2667 538 2725 inter
555 2685 586 2724 se
604 2665 659 2724 rite
668 2666 791 2742 jugatis,

100 2789 242 2865 Abmptis
253 2790 444 2866 propensam,
463 2789 557 2848 simul
571 2789 730 2865 semimque
739 2788 881 2866 preffusis,

107 2913 149 2973 Ut
156 2912 213 2988 fila
231 2911 319 2988 lapsa
338 2910 443 2988 dp‘ebbu
454 2919 579 2989 prepete
597 2912 691 2972 bacca.

107 3035 193 3108 Tune,
213 3041 247 3094 ut
263 3035 398 3111 olim'sera
416 3034 550 3095 decedunt
558 3032 669 3112 frande
678 3032 839 3109 palumbes,

104 3155 152 3217 Sic
167 3155 246 3216 alim
264 3173 350 3218 sanus
369 3161 455 3232 atque
472 3155 552 3218 alius
570 3173 601 3216 se
618 3154 709 3215 librat
726 3154 758 3214 in
777 3170 878 3227 auras,
