2694 3930
491 425 525 473 H
527 423 639 473 YPERI
638 423 694 475 ΟΝ.

93 607 235 682 Fanaque
256 623 310 681 per
328 603 456 681 populos
477 603 657 682 pollentibus
678 605 785 664 aemula
805 605 894 664 sacris

94 728 254 805 Praesagire
275 726 392 802 animo,
412 747 465 787 seu
485 747 551 805 quae
572 728 650 788 celer
670 727 753 788 alluit
774 729 867 801 Oxus,

19 873 22 878 ·
91 852 153 911 Aut
172 851 296 910 lustrata
316 849 390 908 Deis
411 849 518 909 sancto
540 849 620 926 capit
638 851 734 909 insula
755 850 866 927 Gange.

95 975 138 1033 Ut
158 975 243 1050 Spes,
263 975 419 1036 candidior
439 976 509 1037 lieet
529 976 602 1050 haec,
622 975 756 1038 innititur
776 997 864 1052 unc0,

94 1097 142 1158 Sic
162 1101 244 1160 Asiae
265 1101 399 1162 submisit
420 1104 493 1162 ebur
513 1101 655 1162 latissima
674 1103 756 1180 regni

94 1221 205 1281 Bellua
247 1225 375 1300 Jamque
396 1244 491 1302 super,
512 1227 645 1286 tabulato
666 1225 745 1303 rupis
766 1227 797 1285 in
819 1227 912 1300 aiddu,

95 1344 273 1419 Enceladus,
294 1345 396 1406 cubito
416 1366 584 1423 suspensus,
606 1357 705 1408 cetera
724 1367 843 1425 pronus,
1059 1353 1097 1408 60

95 1468 184 1526 Vlsus
205 1467 374 1527 adumbrari
383 1489 393 1542 3
413 1487 473 1544 quo
493 1488 556 1529 non
577 1471 632 1530 bos
653 1468 753 1530 mitior
773 1479 852 1544 ante,

95 1594 202 1651 Pastus
222 1591 255 1651 in
273 1591 408 1653 herbosis
429 1594 512 1654 nullo
532 1593 693 1654 irritamina
714 1593 844 1672 campis;

96 1717 187 1774 Nunc
208 1713 289 1775 rabie
308 1715 406 1793 tigrim
426 1717 548 1793 spirans,
570 1718 730 1794 animoque
751 1717 878 1790 leonem,

96 1839 170 1897 Dira
190 1837 306 1899 minans
327 1841 542 1918 meditansque,
563 1843 652 1902 etiam
672 1851 736 1901 tum
756 1851 857 1902 mente
877 1842 1047 1902 tremendos

95 1962 240 2037 Jactabat
259 1973 385 2038 montes,
407 1964 478 2025 belli
498 1964 693 2025 instrumenta
714 1965 808 2046 futuri

97 2088 127 2144 N
129 2105 238 2163 amque
259 2097 321 2147 erat
341 2087 372 2146 in
393 2088 468 2163 satis
489 2091 579 2149 breve
601 2099 727 2166 tempus,
750 2098 780 2149 et
800 2090 892 2149 altera
911 2090 991 2150 bella

96 2214 230 2289 Surgere,
250 2231 318 2288 quae
337 2214 461 2289 juvenes
482 2212 594 2290 agitent
614 2221 680 2273 toto
700 2213 809 2273 aethere
831 2213 935 2287 Divos,

98 2339 143 2397 Ut
163 2335 284 2396 latuisse
304 2336 397 2397 velint
416 2336 517 2397 formis
537 2338 690 2397 volucrum
712 2347 800 2413 atque
821 2339 954 2398 ferarum.

98 2459 183 2519 Huic
203 2458 317 2520 vicinus
336 2460 430 2535 Atlas,
452 2461 594 2538 laterique
615 2463 736 2525 acclinis
756 2463 884 2523 Atlantis

99 2582 242 2656 Phorcus,
265 2585 432 2660 Gorgoneae
452 2586 547 2645 turbae
566 2595 665 2662 pater,
686 2589 894 2660 Oceanusque,
1062 2597 1098 2653 70

99 2706 259 2766 Undarum
279 2704 417 2764 dominus
438 2705 599 2782 quondam,
622 2717 652 2767 et
672 2727 741 2767 cum
761 2707 887 2783 conjuge
908 2702 1035 2780 Tethys;

99 2832 137 2889 In
158 2829 244 2905 cujus
264 2825 375 2904 gremio
397 2825 538 2903 singultiit
557 2825 634 2886 inter
654 2845 764 2904 opacas

99 2955 180 3012 Fusa
200 2967 302 3010 comas
324 2949 467 3026 Clymene
473 2970 483 3023 3
503 2948 635 3009 medium
655 2948 778 3009 Tbemis
799 2948 864 3025 ipsa
884 2949 1014 3020 tenebat,

99 3073 286 3153 Reginaeque
306 3074 398 3151 pedes
420 3076 555 3135 servabat
575 3073 606 3133 in
627 3075 694 3135 aere
715 3083 826 3149 septae:

99 3200 181 3258 Haec
202 3206 302 3258 autem
323 3198 444 3257 obtutus
466 3195 592 3256 evanida
611 3195 694 3270 fallit,
716 3204 749 3254 ut
770 3205 832 3255 atra
