2694 3930
514 411 548 464 H
550 410 719 464 YPERION.
1084 434 1119 493 57

114 590 258 667 Informis
278 591 410 654 mixtura
433 593 535 656 Chaos.
577 596 665 656 Num
685 597 825 674 longuida
840 598 921 674 gleba

114 713 251 773 Dissidet
268 713 429 790 arboribus,
449 734 524 792 quas
541 719 647 778 extulit
664 719 737 794 ipsa,
757 721 893 797 superbis,
1064 741 1122 780 210

114 836 355 915 Principiumque
372 847 454 916 negas
471 841 577 900 viridis
595 843 742 902 laudabile
758 845 868 918 sylval

117 960 223 1021 Oderit
239 961 336 1020 aenas
354 969 410 1021 aut
426 962 528 1022 invida
547 963 632 1038 sylva
642 963 804 1038 palumbes,

112 1083 283 1142 Murmura
301 1083 381 1160 quod
397 1082 520 1158 miscent,
539 1084 684 1170 niveisque
700 1087 754 1145 sub
773 1086 874 1145 aetliere
884 1089 991 1164 perenis

51 1253 56 1258 .
119 1204 186 1280 Quo
206 1205 318 1265 voluere
336 1206 442 1280 volant,
462 1206 618 1283 nativaque
631 1207 743 1283 gaudia
762 1212 917 1284 quarunt?

114 1328 182 1389 Nos
200 1330 289 1406 sylva
308 1329 390 1390 denos
409 1330 493 1406 illual,
512 1336 542 1390 et
558 1331 618 1390 hac
634 1350 698 1407 qua
717 1332 858 1390 tendimus
877 1333 935 1391 alte
997 1363 998 1367 =

113 1451 251 1512 Brachia
262 1452 404 1528 pallentes
422 1471 479 1512 non
499 1451 641 1528 confovere
650 1453 811 1530 palumbes,

114 1577 291 1638 Aun'eomas
308 1579 365 1652 sed,
383 1578 471 1653 eredo,
491 1579 626 1655 aquilas;
645 1597 709 1655 qua
728 1587 842 1653 corpore
852 1578 956 1654 pulcro

120 1697 295 1775 Corporibus
305 1704 451 1774 prostant
468 1700 581 1774 nostn‘s,
600 1705 629 1758 et
637 1700 712 1775 jure
730 1699 834 1758 deeon's

114 1821 209 1882 Nune
227 1821 348 1898 regimen
367 1823 502 1898 rapiunt:
520 1841 554 1882 ea
573 1823 620 1882 leo
639 1829 745 1882 aterna
765 1821 879 1898 regendi
896 1827 944 1897 est,

121 1943 186 2020 Qui
194 1943 300 2020 souma
319 1949 464 2021 superant,
484 1950 618 2021 superent
633 1949 662 2003 et
679 1943 791 2004 viribus
810 1943 903 2005 iidem.
1063 1962 1120 2002 220

113 2069 177 2127 Illa
196 2068 253 2145 lege
270 2067 358 2127 aliud
366 2067 476 2144 poterit
483 2066 614 2143 sortasse
631 2067 762 2127 Deorum

112 2188 223 2247 Pellere
241 2185 366 2260 viliores,
385 2192 419 2245 ut
436 2186 567 2261 nasjan
579 2185 729 2262 pdlimur‚
749 2205 876 2262 augmen.

113 2313 214 2373 Dicite
232 2311 278 2374 iol
295 2312 467 2388 juvenemne
483 2311 583 2370 Deum
603 2310 717 2370 vidistis
735 2315 900 2387 aquarum?

114 2434 204 2495 Arois
223 2434 445 2510 ademptoremne
463 2436 546 2493 mea?
569 2433 684 2493 vidistis
702 2439 731 2492 et
747 2450 808 2505 ora,

114 2555 162 2614 Et
179 2572 300 2613 cunum
319 2554 438 2614 alitibus
457 2553 570 2630 bijugis,
590 2573 659 2630 quos
669 2553 750 2630 serit,
769 2557 915 2614 ovantem?

114 2678 183 2753 Ipse
200 2684 361 2737 serenatum
382 2685 534 2738 verrentem
555 2678 678 2737 molliter
693 2695 791 2753 aquor

115 2802 248 2880 Aspexi;
267 2804 417 2881 lotamque
434 2803 503 2864 adeo
522 2803 581 2863 vim
592 2803 695 2880 srorote
712 2801 818 2877 notavi,

123 2925 168 2985 Ut
184 2925 252 2985 visu
270 2926 367 2986 titulos
386 2926 586 3002 ejuraturnque
603 2925 702 2984 remisi

115 3047 258 3109 Protinus
277 3047 444 3124 imperium:
454 3048 578 3124 jamque
596 3047 655 3108 bac
672 3046 716 3107 ad
732 3045 837 3106 limina
857 3046 930 3120 veni,
