2694 3930
482 395 685 445 HYPERJON.
1049 419 1084 475 19

82 577 271 649 Terruerant,
291 585 321 635 et
341 576 477 637 nocturni
497 579 639 656 praesagia
658 578 757 656 lychni
768 599 778 654 ;
1029 602 1040 640 r
1047 598 1084 658 50

81 701 124 757 At
143 699 289 776 Superum
311 698 438 776 auguria,
459 709 489 759 et
510 699 623 776 species
643 721 698 777 pro
719 701 849 763 Numine
870 702 950 778 dirae,

83 822 270 882 Concussere
292 822 398 880 Deum.
442 823 591 896 Quoniam
611 825 761 899 penetrale
781 842 944 898 coruscum,

81 947 183 1004 Aurea
203 945 388 1021 pyramidum
409 946 514 1004 fultum
534 955 619 1020 strue,
643 967 703 1024 quo
723 967 811 1025 super
829 950 963 1010 umbram

82 1069 211 1129 Suscitat
232 1069 337 1129 exilem
358 1069 496 1145 squalens
518 1067 665 1129 obeliscus
685 1069 716 1129 in
736 1089 803 1144 aere,

82 1189 283 1267 Sanguineum
305 1209 443 1266 quassare
462 1192 550 1267 jubar
560 1213 569 1265 ;
596 1191 785 1269 thalamique,
805 1193 947 1270 tholique,

81 1313 168 1374 Atria
187 1314 267 1374 mille
288 1314 402 1387 domus,
423 1323 453 1374 et
474 1313 575 1373 cineta
595 1314 726 1374 cavaedia
746 1315 889 1377 flammis:

82 1436 253 1514 Omniaque
275 1437 346 1497 Eois
366 1447 508 1513 praetexta
528 1438 700 1514 crepuscula
718 1437 810 1514 portis

83 1559 225 1637 Inquinat
246 1559 288 1619 ira
308 1560 434 1618 rubens:
459 1557 622 1635 aquilarum
643 1569 673 1618 et
693 1558 828 1618 cominus
849 1558 911 1634 alis,

82 1689 206 1764 Semper
226 1687 414 1763 inaspedtum
436 1685 491 1745 Dis
512 1696 542 1746 et
563 1685 736 1746 mortalibus
757 1705 855 1760 omen,

80 1813 150 1888 Jam
171 1811 255 1870 loeus
275 1807 410 1882 umbrati,
431 1810 493 1884 jam
514 1808 582 1867 flare
603 1807 735 1868 hinnitus
755 1829 906 1886 equorum,
1026 1816 1081 1872 160

82 1935 155 1994 Non
175 1933 255 2009 prius
275 1931 407 1992 auditum
429 1931 484 1990 Dis
505 1941 534 1990 et
555 1931 727 1991 mortalibus
748 1949 845 1994 omen.

82 2058 256 2136 Quinetiam
276 2059 367 2119 thuris
388 2077 455 2117 curn
476 2057 588 2118 blanda
607 2058 759 2118 volumina
778 2060 867 2121 vellet

80 2183 243 2256 Adbibere,
265 2181 295 2240 in
315 2180 405 2241 sacris
426 2182 485 2240 alte
506 2179 645 2256 spirantia
665 2179 756 2254 clivis,

81 2310 155 2367 Non
176 2306 277 2366 dulces
299 2306 370 2366 olim
391 2324 504 2378 succos
527 2304 580 2364 sed
601 2314 675 2364 tetra
694 2324 810 2366 venena

80 2428 210 2501 Scilicet,
231 2437 260 2487 et
279 2445 388 2504 magno
409 2424 525 2486 fremuit
544 2426 657 2485 trahere
678 2445 737 2486 aera
755 2427 863 2502 palato.

82 2552 138 2612 Ille
158 2549 253 2628 igitur,
275 2560 433 2626 postquam
454 2548 616 2624 tranquillae
636 2548 746 2644 limina¹
758 2549 857 2610 noetis

80 2673 236 2752 Attigerat,
257 2674 449 2750 pulcmmque
470 2672 550 2732 diem
570 2673 747 2733 subduxerat
768 2672 833 2733 orbi
839 2694 889 2748 3-

82 2795 138 2854 Ille
160 2793 232 2853 alias
253 2793 370 2870 sponda
389 2793 529 2870 componi
550 2803 648 2854 suetus
668 2795 700 2853 in
720 2795 788 2868 alta,

83 2920 122 2978 Et
141 2917 251 2977 sancto
271 2916 392 2977 melicas
411 2937 500 2978 voces
521 2917 701 2979 circumdare
722 2936 828 2979 somno
839 2940 889 2994 3—

83 3041 181 3114 Nunc,
202 3049 236 3098 ut
256 3049 326 3113 erat,
347 3039 457 3100 resides
477 3040 553 3100 ultro
574 3039 715 3116 spatiatus
735 3039 883 3126 irihoras,
1023 3059 1078 3117 170

81 3162 191 3239 Ampla
211 3161 323 3238 pedum
343 3172 407 3223 toto
428 3164 527 3240 posuit
546 3163 669 3242 vestigia
688 3166 808 3242 templo.

81 3287 122 3345 At
141 3285 246 3362 procul
266 3284 365 3362 aligeri
385 3285 526 3362 claustris,
546 3307 658 3366 perque
679 3289 763 3349 artla
783 3288 938 3352 domorum

950 3457 996 3500 (22
