2694 3930
508 371 541 424 H
543 371 711 423 YPERION.

105 559 180 616 Atra
199 553 295 616 nocte
317 551 415 613 sinum
434 560 573 628 penetrat
592 569 662 610 cum
680 567 768 627 prora
788 548 954 609 reductum.

105 683 152 742 Sic
173 681 218 739 illi
238 689 410 757 argenteum
430 675 513 738 taciti
533 676 644 754 pallere
663 674 815 749 colorem;

106 806 216 865 Donec
236 800 279 861 ibi
299 799 442 878 splendor
461 798 585 873 subitus,
606 817 662 859 ceu
680 815 768 857 mane
786 815 919 870 corusco,

106 925 241 988 Pervasit
260 925 354 986 clivos
375 923 453 990 saxis
473 923 673 1001 pendentibus
694 941 808 997 omneS,

106 1053 145 1110 Et
166 1048 349 1111 contristatae
370 1048 487 1108 nebulis
508 1045 603 1125 spatia
624 1045 726 1107 omnia
745 1037 865 1117 Lethes

105 1173 276 1249 Insinuans,
295 1175 444 1252 rimasque
462 1192 576 1246 omnes,
596 1180 771 1247 veteresque
789 1186 943 1243 recessus;

104 1299 228 1357 Summa
244 1297 331 1357 simul
347 1308 472 1375 tangens
488 1305 578 1372 atque
597 1293 677 1367 ima3
699 1290 830 1369 expertia
850 1309 966 1363 vocum,

103 1421 271 1508 Raucaque
289 1425 434 1478 contortae
452 1416 538 1476 claris
558 1412 718 1491 mugitibus
739 1409 836 1472 undaess

105 1543 255 1601 Necnon
275 1537 376 1600 aetemi
393 1538 548 1600 fluviorum
569 1554 588 1598 a
607 1535 737 1596 culmine
757 1527 866 1613 lapsus,

105 1666 327 1738 Torrentesque
347 1660 452 1739 procul
469 1678 579 1733 cursus
600 1667 630 1719 et
651 1675 775 1735 spumea
791 1658 877 1733 juxta
1051 1675 1068 1730 3
1074 1672 1111 1731 50

105 1784 221 1860 Praelia,
237 1802 319 1850 caeca
336 1782 427 1861 prius,
444 1781 595 1859 vastisque
616 1778 753 1842 obducta
769 1779 908 1853 tenebris,

106 1910 199 1967 Nunc
216 1904 317 1967 videre
338 1905 427 1979 diem,
447 1913 477 1964 et
497 1903 562 1967 visu
580 1905 678 1964 secere
694 1902 887 1963 tremendam.

168 2032 240 2107 Ipse
257 2031 340 2090 Deus
355 2030 443 2106 jubar
462 2027 536 2088 illud
554 2037 625 2103 erat,
648 2027 699 2105 qui
716 2027 826 2090 vertice
844 2029 926 2106 rupis

106 2151 252 2216 Constitit
270 2150 303 2211 in
321 2151 419 2226 radiis,
439 2153 619 2229 deprensum
635 2152 703 2213 luce
721 2162 853 2214 moratus

107 2275 252 2336 Cerneret
271 2281 304 2331 ut
324 2271 449 2347 luctum,
462 2273 525 2349 jam
544 2271 663 2350 cognita
681 2273 742 2334 fata
758 2291 905 2351 perosum.

105 2395 208 2453 Aurea
227 2391 362 2454 caesaries
382 2393 433 2468 illi,
453 2393 581 2472 crispata
600 2393 732 2471 capillos,

106 2518 179 2592 Quo
199 2516 365 2576 Numidum
384 2529 457 2594 gens
478 2535 561 2578 more
582 2527 700 2592 comat3
725 2525 789 2576 tum
809 2514 889 2595 regia
907 2517 1009 2577 sonnae
1042 2495 1046 2503 f

106 2641 254 2717 Majestas
272 2639 373 2700 media
391 2639 536 2717 fulgorem
555 2638 704 2716 intercipit
723 2640 829 2698 umbra
838 2659 848 2714 3

107 2762 283 2822 Memnonis
301 2772 335 2821 ut
355 2762 450 2822 moles
469 2781 577 2822 occasu
598 2760 684 2837 Solis,
706 2760 789 2823 eunti

107 2884 218 2958 Obvia,
238 2886 386 2946 fuscantes
407 2884 459 2962 qni
478 2904 559 2962 pone
579 2885 719 2946 avertitur
738 2895 827 2946 ortus
1052 2888 1111 2961 360

107 3009 193 3087 Quin
210 3020 241 3070 et
260 3008 451 3088 magnanimo
470 3008 595 3086 suspiria
611 3010 736 3088 pectore
757 3007 849 3082 duxit,

108 3135 297 3198 Memnoniae
317 3155 373 3197 ceu
393 3143 502 3198 moesta
519 3134 600 3214 lyrae,
618 3132 792 3214 junttisque
812 3132 937 3196 revolvit
