2694 3930
490 409 693 460 Hupnason
1055 429 1091 486 33

89 592 195 669 Tangit
205 593 341 668 habetque
351 594 438 653 labor.
485 593 574 670 Quod
584 595 703 670 deni'qne
713 613 866 670 conqueror
877 596 929 655 hoc
939 602 992 664 est·
1034 615 1092 670 300

85 715 160 774 Haee
177 716 270 774 clades
289 716 365 774 mihi
380 717 472 793 signa,
492 701 588 792 meins,
609 719 761 794 subitaque
779 719 879 777 rninae.

91 839 141 897 Tu
160 839 273 898 lnilnre
289 846 402 902 tamese:
427 860 497 900 num
516 849 550 900 tn
562 843 712 919 procedere
729 849 833 915 eontra,

87 961 258 1035 Bellan'qne
268 967 355 1035 potes,
375 961 559 1037 manifestum
578 962 706 1036 Numen,
726 963 758 1020 in
778 963 857 1020 omni

87 1083 228 1153 AEtlnere;
254 1088 288 1141 tn
299 1091 427 1160 prensens
445 1083 548 1143 heram
568 1083 713 1160 infregisse
731 1085 894 1160 malignam.

87 1205 149 1262 Ast
166 1224 212 1280 ego
231 1219 288 1264 nox
306 1207 396 1265 solnm
405 1230 416 1266 .·
442 1225 504 1265 men
524 1207 577 1281 nis,
598 1214 633 1265 nt
650 1215 749 1266 ventus
768 1216 904 1280 etesius,

87 1326 230 1386 Hniluat
246 1328 304 1387 lenc
321 1329 395 1402 e'llnc,
415 1347 463 1387 nec
483 1336 561 1388 vento
580 1330 676 1405 major
693 1337 721 1388 et
737 1337 814 1388 aestn.

92 1449 143 1507 Tn
163 1449 277 1524 nmfhra
289 1457 388 1525 potes:
412 1457 446 1509 tn
465 1451 562 1510 instit
574 1452 701 1527 proerz'pe
710 1451 792 1525 sata,

87 1570 283 1647 Addne‘laeqne
300 1572 386 1648 enen
398 1573 507 1649 pernix
526 1591 577 1649 ege
587 1573 695 1648 preinde
712 1573 827 1648 sagittae.

90 1698 115 1754 I
120 1704 186 1773 pete
203 1703 237 1756 tn
256 1704 372 1771 terram,
391 1715 451 1772 qna
470 1716 546 1759 nnnc
566 1697 716 1757 Saturnus
734 1698 845 1756 oberrat

89 1821 192 1879 Multa
208 1837 325 1895 gemens.
366 1818 453 1876 Mihi
467 1817 509 1877 sit
526 1819 600 1877 clari
615 1819 742 1892 enstoden
761 1819 828 1878 solis
1034 1799 1102 1894 3¹0!

90 1945 212 2017 Interea,
233 1942 385 2018 blandeque
392 1927 499 2018 fovens
516 1949 570 2001 tna
588 1949 712 2020 tempora
731 1943 838 2002 sistam.

153 2310 212 2367 Vix
233 2309 311 2368 bene
331 2305 464 2386 caeligeni
483 2306 642 2367 devenerat
663 2324 733 2367 aura
753 2306 869 2381 susurri,

93 2431 214 2493 Sustulit
234 2451 269 2492 os
290 2431 387 2506 Titan,
409 2431 571 2508 oculosque
591 2430 719 2492 tetendit
738 2431 769 2488 in
788 2441 867 2490 astra

94 2555 273 2632 Intrepidus,
295 2556 366 2617 dum
386 2557 477 2617 verba
497 2567 619 2634 crepant
630 2579 639 2631 3
666 2555 813 2634 etiamque
834 2554 968 2628 tetendit,

93 2683 183 2740 Astra
203 2689 298 2754 tuens,
319 2679 430 2758 placidi
451 2677 587 2739 durantia
608 2678 851 2740 lumina'mundi.

94 2805 174 2861 Tum
194 2801 247 2862 lati
265 2801 375 2862 sensim
395 2821 519 2862 curvans
538 2801 703 2862 sinuamina
724 2801 812 2875 dorsi,

95 2924 199 3000 Qualis
220 2923 406 3002 gemmiferas
426 2925 523 3002 pelagi
543 2934 686 2984 scrutator
706 2923 745 2984 ad
765 2923 869 2996 undas,

93 3045 232 3123 Verginu
251 3045 283 3103 in
303 3063 454 3122 praeceps:
482 3043 524 3104 sic
544 3043 630 3104 litore
649 3044 750 3122 lapsus
770 3045 870 3122 aprico

94 3173 133 3229 In
153 3171 332 3247 caligantem
353 3169 444 3231 surdo
464 3170 520 3229 ruit
542 3168 652 3246 impete
674 3168 807 3230 noCtem.
