2694 3930
493 421 528 472 H
529 421 643 471 l'PERI
642 422 698 472 ON.

91 599 216 660 Doridis
237 612 268 661 et
287 602 406 663 blandae
427 601 579 680 strepitum
599 602 724 665 variabit
745 623 867 682 avenae5

88 723 240 784 Carminis
260 725 411 803 omnigeni
431 726 572 803 quoniam
592 726 760 788 laudabitur
779 730 893 790 auftor.

86 852 203 913 Ardeat
224 855 279 912 en!
308 851 450 929 quiequid
470 851 563 915 minio
583 852 666 928 nitet,
688 863 718 913 et
738 873 807 914 rosa
825 855 907 916 luces

87 976 176 1060 Laeta
194 983 297 1034 vomat
317 973 431 1047 nimias,
453 983 484 1034 et
504 974 632 1034 mulceat
652 975 763 1036 aethera
782 976 929 1051 flammis;

85 1097 166 1156 Solis
187 1105 218 1156 et
238 1114 347 1156 occasu
367 1097 546 1173 glomeratae,
569 1097 645 1159 Solis
666 1107 697 1158 et
717 1108 792 1171 ortu,

83 1217 255 1278 Velleribus
276 1219 385 1279 teneris
404 1230 521 1279 verrant
539 1221 611 1298 juga
634 1219 759 1281 frondea
778 1222 891 1281 nubes:

83 1343 313 1419 Purpureusque
334 1342 413 1402 latex
433 1362 538 1420 spuma
558 1353 672 1404 cratera
691 1353 824 1417 coronet,

82 1463 208 1542 Frigore
229 1484 289 1541 quo
310 1466 424 1526 bullant
444 1467 542 1527 sontes
551 1487 561 1541 3
588 1476 619 1527 et
637 1465 752 1543 pallida
770 1465 854 1526 labra

82 1589 286 1662 Concharum,
307 1588 395 1650 maris
416 1589 447 1648 in
459 1588 539 1666 ripa,
562 1608 614 1650 seu
634 1608 731 1649 mersa
750 1588 904 1666 profundis
1054 1611 1090 1649 20

80 1711 278 1788 AEquoribus,
297 1712 390 1772 flexus
409 1713 535 1772 rubeant
554 1711 730 1790 pudibunda
749 1730 804 1788 per
823 1730 928 1772 omnes
938 1734 947 1786 3

81 1840 122 1898 Et
143 1838 254 1915 flagret,
276 1846 421 1915 praerepta
440 1855 552 1915 pavens
573 1846 606 1896 ut
626 1835 666 1896 ad
686 1834 797 1908 oscula,
817 1833 907 1912 virgo.

79 1961 221 2023 Gaudeat
242 1970 272 2022 et
292 1962 395 2036 Delos,
416 1961 539 2040 praelata
557 1958 719 2022 virentibus
739 1958 811 2020 olim

79 2084 186 2143 Insula
207 2083 397 2162 Cycladibus,
419 2083 566 2161 pallentes
586 2083 663 2143 inter
683 2082 786 2156 olivas,

78 2205 307 2283 Populeumque
327 2223 440 2280 nemus,
463 2205 612 2282 saltusque
632 2205 800 2266 umbrantia
820 2205 908 2284 longe

77 2328 250 2386 Palmarum
270 2325 349 2399 folia,
370 2336 400 2386 et
420 2327 503 2404 sagos
524 2325 631 2403 quibus
651 2325 785 2404 instrepit
805 2326 932 2405 hymnus

75 2451 233 2511 Altisonus
254 2451 429 2528 Zephyrum,
450 2460 480 2510 et
501 2449 601 2511 densis
622 2452 752 2529 coryleta
772 2450 909 2512 latebris:

75 2579 178 2636 Aurea
198 2575 334 2634 materies
355 2574 459 2634 iterum
480 2573 553 2632 mihi
573 2571 669 2633 laudis
689 2572 817 2649 Apollo!

74 2701 145 2759 Ah!
175 2698 297 2759 ubinam
317 2718 392 2776 puer
411 2698 469 2771 ille,
490 2697 572 2776 gigas
593 2716 662 2757 cum
682 2695 786 2756 sideris
806 2696 885 2774 ignei

74 2824 220 2886 Constitit
239 2825 270 2885 in
290 2825 391 2886 medio
412 2844 568 2903 procerum
589 2843 722 2886 marcore
743 2824 905 2884 coruscus?
1043 2843 1082 2899 30

73 2947 132 3007 Ille
154 2944 241 3005 simul
261 2946 393 3024 pulcram
414 2955 539 3005 matrem
559 2945 751 3023 pulcramque
770 2942 928 3021 gemellam

73 3070 217 3147 Liquerat
236 3067 268 3128 in
288 3068 447 3143 thalamis;
472 3067 605 3145 lucisque
625 3067 800 3145 crepuscula
818 3065 929 3128 nadlus

73 3190 238 3252 Flumineae
257 3192 343 3268 juxta
361 3189 505 3268 procurrit
524 3188 636 3262 yimina
654 3188 736 3267 ripae,
