2694 3930
500 420 704 471 HYPERION.

99 603 303 681 Floriferaque
324 602 417 681 pedes
437 622 553 664 crurum
573 614 659 664 tenus
680 601 778 664 obruit
798 603 897 665 herba.

99 725 239 787 Desierat
259 725 433 802 Philomela,
455 735 485 787 et
505 725 603 787 sidera
621 745 718 804 pauca
738 727 794 788 sub
813 746 899 788 auras

98 851 277 926 Cessabant,
298 850 418 928 placido
439 851 511 911 dum
531 849 622 928 coepit
641 861 757 928 gutture
777 851 880 914 turdus

19 1017 20 1032 i
99 976 270 1035 Instaurure
290 975 370 1036 diem
381 995 391 1050 ;
417 984 540 1052 totaque
560 975 593 1036 in
615 974 708 1037 litoris
729 995 782 1038 ore

19 1127 20 1140 κ
98 1099 174 1158 Non
193 1099 274 1158 sinus
294 1097 371 1157 ullus
391 1107 462 1172 eret,
483 1097 597 1157 nullum
618 1097 771 1158 seduttius
793 1108 918 1170 antunn,

98 1219 347 1296 Impertentatum
367 1237 481 1280 resonae
502 1218 675 1281 stridoribus
695 1220 805 1282 undae:

98 1341 160 1403 Sed
180 1360 294 1415 nemus,
316 1350 346 1402 et
365 1340 474 1403 virides
494 1343 545 1401 vix
564 1343 703 1404 audivere
723 1362 865 1404 recessus.
1065 1364 1103 1414 40

97 1464 203 1525 Audiit
222 1465 407 1544 illacrymans
424 1465 551 1542 juvenis,
570 1477 720 1545 guttaeque
740 1469 869 1529 nitentes

98 1588 238 1663 Desuper
257 1595 391 1646 auratum
412 1587 589 1664 spargebant
609 1589 725 1648 roribus
746 1607 855 1649 arcum.

97 1709 147 1769 Sic
166 1707 331 1768 interclusis
349 1710 470 1786 jamque
491 1710 585 1770 imbre
606 1711 787 1770 tumentibus
807 1709 892 1772 haesit

97 1828 275 1890 Luminibus
284 1850 295 1905 ;
321 1829 420 1891 donec
439 1849 541 1908 gressu
554 1833 630 1893 'Dea
649 1850 759 1909 magna
778 1832 909 1893 verendo

96 1952 235 2028 Incessit,
255 1953 349 2030 patuli
369 1953 503 2016 discusso
524 1955 654 2033 tegmine
674 1954 767 2016 rami:

94 2079 197 2154 Quam
218 2077 304 2137 simul
324 2078 439 2156 aspexit
459 2077 638 2153 venientem,
658 2088 689 2139 et
708 2079 805 2140 fronte
826 2079 951 2142 disertos

94 2199 229 2278 Agnovit
247 2202 354 2276 vultus,
374 2201 565 2279 animumque
586 2204 641 2263 sub
662 2222 713 2264 ore
733 2203 849 2265 notavit

94 2323 258 2397 Attonitus,
280 2322 429 2402 dubiaque
449 2322 598 2385 incassum
619 2336 719 2386 mente
740 2325 843 2404 relegit
854 2349 904 2402 3-

19 2443 20 2478 l
94 2449 197 2523 Atque
217 2445 259 2506 ita
278 2441 425 2508 mellifluis
444 2446 556 2526 incepit
576 2448 701 2508 vocibus
722 2446 804 2524 ipse:

162 2568 206 2627 Ut
224 2587 305 2627 mare
314 2577 373 2644 per
390 2569 513 2628 medium
533 2569 644 2643 venisti,
663 2569 775 2628 nullius
794 2576 861 2629 ante
1062 2589 1102 2648 50

97 2691 261 2751 Centritum
274 2693 417 2766 pedibus?
435 2693 568 2768 potuitne
585 2711 618 2752 ee
630 2694 732 2769 prisca
751 2701 891 2765 venustas,

19 2839 20 2848 ¹
92 2815 286 2889 Pallatusque
303 2815 356 2873 diu
375 2817 457 2875 decor
474 2817 530 2876 hac
550 2817 582 2875 in
603 2818 679 2876 valle
699 2817 808 2878 moueri

92 2938 287 3013 Jndeprensus
306 2939 423 2998 adhue?
466 2939 548 2999 Certe
565 2959 628 2999 cum
647 2943 725 3000 selus
743 2943 776 3001 in
794 2943 863 3002 altis

19 3081 20 3120 1
98 3059 251 3136 captarem
261 3059 365 3135 fn'gres
383 3061 506 3135 latebas,
525 3062 581 3121 has
600 3081 715 3122 currere
733 3070 819 3124 vestes

93 3186 195 3261 [apsa
213 3194 301 3261 super
308 3185 398 3262 solit,
417 3194 446 3246 et
462 3189 521 3246 late
538 3190 599 3247 sela
620 3207 731 3249 uerrere
747 3191 829 3249 semi.

19 3291 20 3318 ³
93 3307 211 3368 Audivi
228 3315 300 3370 eme
317 3310 465 3387 strepitum
476 3310 630 3386 fluitante
648 3311 771 3371 ammas
