2694 3930
486 343 691 395 HYPERION.

98 525 180 600 Queis
200 527 309 586 miram
330 526 449 585 adsume
468 524 634 598 dedeinam,
654 526 763 600 alteque
782 524 901 600 requiro,

97 649 166 708 Tam
187 651 298 708 misera
317 650 402 709 saetis
422 650 557 708 ratianum
577 649 729 707 extundere
739 655 866 724 passum.

94 771 181 832 Heni
196 773 337 848 quianam
348 772 471 847 frustra
490 780 604 831 natura
622 773 748 848 exempla
769 779 868 846 retexe,

100 894 195 970 Usque
213 895 257 953 ad
273 895 427 970 deliquium
440 896 623 971 'invigilansi
645 913 694 955 nec
711 897 813 980 discere
830 896 914 971 quivi

99 1018 161 1076 Cur
180 1036 239 1090 ves,
258 1019 380 1076 numina
400 1037 513 1094 magna,
534 1020 632 1077 Deum
653 1039 701 1078 vas
720 1026 835 1095 carpara
847 1020 958 1095 prima,

15 1187 16 1192 1
103 1143 170 1199 Vim
190 1141 312 1200 tremitis
332 1148 425 1200 nestra
446 1162 500 1201 nen
513 1151 579 1218 prce
599 1145 705 1202 virtute
723 1143 903 1203 tremendam.

103 1263 156 1322 Vas
175 1270 271 1322 tamen
290 1263 338 1322 nic
354 1263 447 1339 agitis,
458 1263 583 1340 fusique
599 1265 739 1340 quiescitis
758 1273 860 1336 antra,·
1039 1282 1093 1343 150
1197 1258 1198 1261 ¹

95 1388 158 1446 Hic
175 1387 271 1464 agitis,
294 1387 428 1448 Titanes!
457 1387 518 1462 An,
543 1387 570 1447 O
589 1389 762 1464 consurgite!
777 1389 889 1449 dicam?

105 1510 159 1570 Vas
172 1511 300 1586 gemitis:
319 1510 455 1583 dicamne,
479 1509 589 1586 Ogens
609 1511 715 1586 ignava
726 1511 840 1586 jacite!

96 1631 252 1707 Ingemi'tis.
299 1630 383 1706 Quid
398 1631 489 1689 dicam
510 1631 595 1690 adea?
632 1631 671 1689 Tc
688 1631 815 1690 manime
832 1631 892 1690 cali

97 1752 187 1827 Axis,
206 1760 235 1812 et
252 1753 311 1828 ipse
321 1761 439 1828 parens,
459 1772 515 1813 nan
535 1754 601 1812 nisu
620 1754 727 1829 cognite,
740 1763 831 1829 pasce,

101 1876 187 1952 Quid
202 1876 315 1936 duam?
333 1895 435 1952 nosque
457 1875 485 1935 0
503 1877 613 1951 cognati
631 1877 713 1936 dicite
730 1876 817 1952 Divi,

101 1999 167 2074 Qua
179 2007 315 2075 pugnare
333 1997 419 2070 meda,
439 2015 503 2072 qua
514 1998 648 2072 proderit
665 2017 750 2058 anna
771 2019 899 2061 manere:

98 2121 194 2180 Nunc
210 2121 276 2179 date
293 2120 451 2191 caresilium,
471 2137 539 2178 nam
552 2120 698 2196 principis
717 2122 807 2182 esurit
824 2123 915 2182 aum's.

102 2245 151 2303 Tu
170 2250 265 2302 mann
285 2249 352 2300 ante
368 2260 476 2312 amnes,·
495 2261 564 2300 nam
584 2249 616 2300 tu
635 2262 758 2318 summa,
779 2244 893 2320 imaque
912 2265 1015 2319 rerum,

104 2365 219 2440 Oceane,
239 2367 378 2441 expendis,
398 2367 535 2442 uultuque
552 2374 684 2443 expressa
703 2387 804 2442 serena,

105 2487 196 2563 Quad
211 2487 303 2562 magis
322 2487 459 2561 admirer,
480 2487 587 2562 requies
605 2495 632 2546 te
649 2487 749 2547 santia
769 2489 873 2564 recepit,
1047 2491 1101 2547 160

105 2610 205 2686 Quam
226 2608 354 2668 delinita
373 2627 466 2684 sagax
484 2616 512 2667 et
529 2609 631 2671 mentis
649 2628 720 2668 cura
732 2611 876 2685 paravit:

104 2733 155 2792 Tu
174 2751 308 2792 succurre
317 2735 438 2809 precari
473 2729 522 2792 Sic
542 2731 609 2792 finis
629 2731 711 2792 faita
731 2734 858 2810 querelae
878 2742 931 2794 est„

164 2857 208 2916 At
228 2854 316 2915 maris
336 2854 385 2915 ille
407 2856 498 2929 Deus,
521 2853 638 2932 sapiens
659 2855 799 2932 fandique
820 2854 939 2932 peritus,

103 2977 164 3042 Cui
184 2996 249 3039 non
270 2976 424 3055 Cecropiae
445 2978 606 3039 fonnamnt
626 2979 753 3055 peiiora
772 2978 869 3055 sylvae,

102 3101 167 3165 Sed
187 3101 296 3173 fontes,
316 3098 436 3175 udoque
457 3097 511 3158 sali
531 3097 724 3159 meditamina
743 3096 846 3171 fundo,

102 3221 237 3287 Surrexit
258 3220 352 3297 siccis,
374 3220 449 3298 algae
471 3219 534 3280 sine
554 3218 669 3294 fronde,
692 3217 804 3297 capillis
810 3239 820 3294 ς
