2694 3930
506 420 539 468 H
541 419 655 469 YPERI
654 419 710 470 ON.

103 598 212 660 Mollia
232 598 392 678 subjiciens
413 600 529 661 Saturni
552 603 680 679 stragula
698 602 815 680 plantis.

164 844 203 902 Et
220 844 282 918 jam
299 840 392 901 noete
413 841 493 902 vices
513 851 653 919 argentea
673 843 760 901 Luna
781 852 938 923 quaternas

101 967 259 1024 Verterat:
280 962 322 1022 illi
343 966 434 1026 ambo
455 966 514 1024 fixa
535 966 662 1025 statione
683 966 856 1039 manebant,

102 1088 149 1148 Ut
168 1087 269 1150 nativa
288 1089 384 1170 rigent
405 1089 550 1168 laqueatis
573 1089 656 1168 signa
677 1089 811 1151 cavernis
822 1112 831 1166 ;

102 1210 160 1270 Ille
181 1210 315 1290 obstipus
336 1213 438 1288 humo,
459 1231 555 1291 prona
574 1212 648 1286 haec,
670 1213 800 1290 fletuque
822 1214 932 1273 soluta-

102 1332 241 1393 Tandem
260 1345 428 1395 marcentes
449 1335 553 1395 oculos
572 1336 714 1394 Saturnus
733 1334 773 1394 ad
791 1353 877 1394 auras

101 1456 233 1532 Sustulit,
253 1458 377 1519 amissos
398 1470 428 1520 et
449 1458 480 1519 in
501 1459 610 1520 aethere
626 1458 711 1519 novit
730 1459 870 1532 honores,

102 1581 325 1659 Funestumque
345 1583 454 1656 locum,
477 1582 684 1658 tenebrasque,
707 1582 862 1659 ipsamque
880 1582 1039 1659 jacentem.

101 1703 182 1760 Tum
201 1702 290 1762 frasu
310 1703 417 1764 morbo
437 1702 572 1780 gemitus,
594 1712 624 1762 et
644 1702 734 1762 balba
754 1702 874 1778 loquela
885 1723 893 1776 ;

102 1825 259 1900 Barbaque
279 1825 417 1902 populeae
437 1845 493 1886 ceu
514 1827 595 1886 frons
616 1824 714 1886 tremit
734 1824 854 1888 houida
873 1826 971 1903 sylvae.
1074 1827 1113 1884 80

167 2189 207 2249 Te
230 2191 315 2266 Ilua,
340 2191 368 2251 0
387 2192 479 2251 dulcis
499 2193 604 2267 conjax
623 2193 801 2272 Hyperionis
820 2193 910 2267 aurei,

106 2310 146 2368 Te
162 2299 278 2370 uadum
299 2313 392 2372 aa'sam
412 2314 489 2372 sensi
506 2319 624 2385 tamem
648 2320 752 2374 attera
772 2317 857 2374 tollas

106 2433 171 2494 Ora
182 2421 295 2512 precor,
315 2438 450 2514 liceatque
467 2438 544 2496 mihi
562 2457 623 2497 mea
642 2457 753 2498 canere
760 2439 842 2513 sata.

103 2561 228 2635 Suspice,
247 2567 275 2619 et
292 2561 369 2619 hane
385 2561 445 2618 acie
463 2567 572 2622 tenuem
592 2567 724 2618 scrutare
732 2560 885 2636 figuram:

102 2683 236 2742 Haecine
254 2681 382 2742 Saturni
389 2683 507 2759 facies?
546 2684 623 2744 Ere!
648 2684 741 2758 excipe
759 2684 860 2741 acrba:

102 2804 233 2862 Haecine
251 2803 378 2864 Saturni
397 2823 453 2864 vax
472 2808 534 2864 atr
559 2805 645 2863 hacce
663 2812 766 2879 aspera
786 2805 867 2878 rugis

101 2929 197 2988 Frena
215 2929 304 3003 nuda,
324 2935 352 2988 et
369 2930 435 2988 celsi
445 2931 562 3006 pridem
584 2928 755 2988 diadematis
774 2935 879 3002 expers,

103 3053 223 3113 Eminet
241 3057 275 3109 ut
292 3051 394 3127 regales
413 3055 509 3127 apex?
553 3051 679 3111 Carnam
700 3051 754 3108 illa
766 3056 893 3125 potatas

102 3177 142 3236 In
163 3197 225 3238 mea
244 3198 330 3255 regna
350 3181 461 3239 datart
479 3180 536 3255 sus
556 3178 632 3237 unde
649 3177 791 3236 valentias
810 3175 891 3235 exiti

111 3299 193 3360 Unde
211 3309 309 3378 repens
328 3306 426 3360 tantas
445 3300 547 3376 rapuit
564 3299 697 3359 violentia
717 3299 800 3373 vires,
