2694 3930
488 409 698 468 JJl'ffiRJON.

89 587 213 662 Quanta
234 589 318 661 Deae,
339 597 370 650 et
389 583 486 650 mona
505 605 616 648 moeror
635 585 792 648 formosior
811 585 892 665 ipsa!

88 709 166 785 Quis
187 709 276 773 timor
294 721 426 774 attentus
446 712 538 786 vultu,
560 713 641 772 velut
661 729 766 789 aspera
785 712 847 772 lata

89 833 250 898 Exantlata
269 833 330 908 diu,
350 853 407 896 nec
428 834 527 895 adhue
548 836 706 912 absumpta
726 832 886 895 trahentis!

87 953 204 1016 Praeria
222 973 279 1017 ceu
298 958 403 1032 nubes,
424 976 521 1018 rerum
540 958 622 1044 frons
641 956 738 1035 prima
757 957 909 1031 malarum,

87 1077 158 1152 Jam
178 1077 291 1140 rabiem
312 1081 460 1158 explesset
470 1101 479 1156 3
507 1080 561 1141 sed
580 1079 691 1141 nimbis
711 1079 793 1141 triste
813 1078 923 1158 paratis

89 1199 234 1260 Fulminis
256 1211 420 1262 extremum
440 1202 508 1262 nisu
528 1202 701 1264 succederet
721 1220 836 1281 agmen.

152 1325 229 1385 Mox
248 1344 339 1385 unam
360 1344 420 1402 qua
439 1336 523 1404 parte
542 1344 665 1385 manum
685 1324 859 1386 mortalibus
879 1323 963 1403 regris

89 1449 153 1508 Cor
173 1447 256 1509 dolet
275 1447 443 1525 imponens,
464 1447 516 1508 illa
535 1467 592 1510 ceu
612 1449 693 1508 Diva
712 1449 827 1510 doleret
837 1470 847 1524 3
1057 1468 1096 1521 40
1199 1494 1201 1500 ,

88 1567 193 1628 Altera
212 1567 285 1627 dum
305 1569 416 1628 collum
437 1568 531 1647 tangit
552 1569 631 1630 senis
641 1589 651 1643 3
677 1587 746 1629 aure
767 1579 896 1648 susurret

89 1687 212 1749 Leniter
231 1689 349 1765 adnixa,
371 1701 402 1752 et
421 1702 562 1752 moestum
582 1710 652 1753 cum
671 1710 820 1752 murmure
840 1711 960 1754 carmen

89 1811 246 1889 Insinuat3
273 1814 356 1892 quod
376 1815 419 1876 sic
438 1813 595 1875 hominum
615 1815 659 1875 las
679 1834 754 1876 voce
774 1816 889 1890 referre,

89 1934 143 1996 Vis
164 1954 201 1996 ea
220 1955 312 2014 parva
334 1935 413 2012 licet,
434 1939 638 2038 Superumque
658 1937 822 2016 profatibus
842 1938 944 2017 impar.

150 2561 218 2621 Rex
232 2561 307 2635 bone,
326 2563 391 2622 tolle
408 2563 500 2622 oculos
507 2583 522 2634 3
541 2562 593 2622 sed
608 2581 697 2639 quom
713 2564 767 2623 tibi
785 2569 909 2624 monstro
924 2563 1066 2622 salutem?

95 2688 183 2764 Quod
198 2689 322 2748 solamen
338 2689 414 2748 erit?
440 2690 488 2748 vel
500 2707 564 2764 qua
584 2706 665 2747 mora
673 2687 762 2764 salta
779 2689 891 2750 dolosi?

89 2808 162 2900 Non
180 2827 226 2885 ego
235 2809 348 2885 ferales
367 2809 462 2868 incuso
479 2807 607 2867 barbara
626 2823 744 2867 somnos.
902 2773 906 2784 Ι

89 2932 228 3010 Namque
243 2934 297 2992 tibi
314 2934 411 2992 caelum
430 2933 555 3009 enititur
562 2954 577 3003 3
603 2937 631 2990 te
647 2948 752 3006 magna
758 2929 898 3007 jacentem

89 3052 190 3114 Nescit
206 3058 286 3114 terra
301 3055 401 3113 Deum
408 3076 424 3126 ,·
450 3054 545 3113 sonitu
564 3060 593 3113 et
608 3053 705 3113 man‘a
725 3053 786 3113 alta
807 3054 925 3114 verendo

89 3179 262 3238 Destituant
275 3185 413 3256 sceptrum
421 3201 436 3251 3
462 3197 564 3239 nemon
581 3185 635 3239 tua
651 3179 782 3239 maxima
800 3179 902 3253 virtus,
1057 3196 1095 3257 50
